% DCU %%%%%%%%%%%%%%%%%%%%%%%%%%%%%%%%%%%%%%%%%%%%%%%%%%%%%%%%%%%%%%%%%%%%%%%%%


@book{Dixon:10a,
author = "Robert M.W. Dixon",
title = "{B}asic {L}inguistic {T}heory: {M}ethodology",
volume  = "1",
publisher = "Oxford University Press",
year = "2010"}

@book{Dixon:10b,
author = "Robert M.W. Dixon",
title = "{B}asic {L}inguistic {T}heory: {G}rammatical {T}opics",
volume = "2",
publisher = "Oxford University Press",
year = "2010"}

@book{Dixon:12,
author = "Robert M.W. Dixon",
title = "{B}asic {L}inguistic {T}heory: {F}urther {G}rammatical {T}opics",
volume = "3",
publisher = "Oxford University Press",
year = "2012"}

@inproceedings{sulem2015conceptual,
  title={Conceptual Annotations Preserve Structure across Translations: A {F}rench-{E}nglish Case Study},
  author={Sulem, Elior and Abend, Omri and Rappoport, Ari},
  year={2015},
  booktitle={ACL 2015 Workshop on Semantics-Driven Statistical Machine Translation (S2MT)},
  pages = {11-22},
}

@inproceedings{banarescu2013abstract,
author = "Laura Banarescu and Claire Bonial and Shu Cai and Madalina Georgescu and Kira Griffitt and Ulf Hermjakob and Kevin Knight and Philipp Koehn and Martha Palmer and Nathan Schneider",
title = "{A}bstract Meaning Representation for Sembanking",
booktitle = "Proceedings of Linguistic Annotation Workshop and Interoperability with Discourse",
pages ="178-186",
year = "2013"
}


@mastersthesis{marinotti2014,
author =  {Pedro Marinotti},
title = {Measuring Semantic Preservation in Machine Translation with {HCOMET:} Human Cognitive Metric for Evaluating Translation},
school = {University of Edinburgh},
year = {2014},
}

@article{owczarzak2007evaluating,
  title={Evaluating machine translation with LFG dependencies},
  author={Owczarzak, Karolina and van Genabith, Josef and Way, Andy},
  journal={Machine Translation},
  volume={21},
  number={2},
  pages={95--119},
  year={2007},
}

@inproceedings{gimenez2007linguistic,
  title={Linguistic features for automatic evaluation of heterogenous MT systems},
  author={Gim{\'e}nez, Jes{\'u}s and M{\`a}rquez, Llu{\'\i}s},
  booktitle={Proceedings of the Second Workshop on Statistical Machine Translation},
  pages={256--264},
  year={2007},
}

@InProceedings{liu2005syntactic,
  author = {Ding Liu and Daniel Gildea},
  title = {Syntactic Features for Evaluation of Machine Translation},
  booktitle = {ACL 2005 Workshop on Intrinsic and Extrinsic Evaluation Measures
  for Machine Translation and/or Summarization},
  year = {2005},
  pages = {25--32},
}

@inproceedings{snover2006study,
  title={A study of translation edit rate with targeted human annotation},
  author={Snover, Matthew and Dorr, Bonnie and Schwartz, Richard and Micciulla, Linnea and Makhoul, John},
  booktitle={Proceedings of association for machine translation in the Americas},
  pages={223--231},
  year={2006}
}

@InProceedings{lo2011meant,
  author    = {Lo, Chi-kiu  and  Wu, Dekai},
  title     = {MEANT: An inexpensive, high-accuracy, semi-automatic metric for evaluating translation utility based on semantic roles},
  booktitle = {Proceedings of the 49th Annual Meeting of the Association for Computational Linguistics: Human Language Technologies},
  month     = {June},
  year      = {2011},
  address   = {Portland, Oregon, USA},
  publisher = {Association for Computational Linguistics},
  pages     = {220--229},
  url       = {http://www.aclweb.org/anthology/P11-1023}
}

@InProceedings{graham2015improving,
  author    = {Graham, Yvette},
  title     = {Improving Evaluation of Machine Translation Quality Estimation},
  booktitle = {Proceedings of the 53rd Annual Meeting of the Association for Computational Linguistics and the 7th International Joint Conference on Natural Language Processing (Volume 1: Long Papers)},
  month     = {July},
  year      = {2015},
  address   = {Beijing, China},
  publisher = {Association for Computational Linguistics},
  pages     = {1804--1813},
  url       = {http://www.aclweb.org/anthology/P15-1174}
}


@InProceedings{bojar2015findings,
  author    = {Bojar, Ond\v{r}ej  and  Chatterjee, Rajen  and  Federmann, Christian  and  Haddow, Barry  and  Huck, Matthias  and  Hokamp, Chris  and  Koehn, Philipp  and  Logacheva, Varvara  and  Monz, Christof  and  Negri, Matteo  and  Post, Matt  and  Scarton, Carolina  and  Specia, Lucia  and  Turchi, Marco},
  title     = {Findings of the 2015 Workshop on Statistical Machine Translation},
  booktitle = {Proceedings of the Tenth Workshop on Statistical Machine Translation},
  month     = {September},
  year      = {2015},
  address   = {Lisbon, Portugal},
  publisher = {Association for Computational Linguistics},
  pages     = {1--46},
  url       = {http://aclweb.org/anthology/W15-3001}
}


@article{lopez2008statistical,
  title={Statistical machine translation},
  author={Lopez, Adam},
  journal={ACM Computing Surveys (CSUR)},
  volume={40},
  number={3},
  pages={8},
  year={2008},
  publisher={ACM}
}

@InProceedings{lo2010evaluating,
  author = {Chi-kiu Lo and Dekai Wu},
  title = {Evaluating Machine Translation Utility via Semantic Role Labels},
  booktitle = {Proceedings of the Seventh conference on International Language Resources and Evaluation (LREC'10)},
  year = {2010},
  month = {may},
  date = {19-21},
  address = {Valletta, Malta},
  editor = {Nicoletta Calzolari (Conference Chair) and Khalid Choukri and Bente Maegaard and Joseph Mariani and Jan Odijk and Stelios Piperidis and Mike Rosner and Daniel Tapias},
  publisher = {European Language Resources Association (ELRA)},
  isbn = {2-9517408-6-7},
  language = {english}
 }

@InProceedings{lo2013meant,
  author    = {Lo, Chi-kiu  and  Wu, Dekai},
  title     = {{MEANT} at {WMT} 2013: A Tunable, Accurate yet Inexpensive Semantic Frame Based {MT} Evalua
tion Metric},
  booktitle = {Proceedings of the Eighth Workshop on Statistical Machine Translation},
  month     = {August},
  year      = {2013},
  address   = {Sofia, Bulgaria},
  publisher = {Association for Computational Linguistics},
  pages     = {420--426},
  url       = {http://www.aclweb.org/anthology/W13-2254}
}

@InProceedings{lo2011meant,
  author    = {Lo, Chi-kiu  and  Wu, Dekai},
  title     = {MEANT: An inexpensive, high-accuracy, semi-automatic metric for evaluating translation utility based on semantic roles},
  booktitle = {Proceedings of the 49th Annual Meeting of the Association for Computational Linguistics: Human Language Technologies},
  month     = {June},
  year      = {2011},
  address   = {Portland, Oregon, USA},
  publisher = {Association for Computational Linguistics},
  pages     = {220--229},
  url       = {http://www.aclweb.org/anthology/P11-1023}
}

@inproceedings{dreyer2012hyter,
  title={Hyter: Meaning-equivalent semantics for translation evaluation},
  author={Dreyer, Markus and Marcu, Daniel},
  booktitle={Proceedings of the 2012 Conference of the North American Chapter of the Association for Computational Linguistics: Human Language Technologies},
  pages={162--171},
  year={2012},
  organization={Association for Computational Linguistics}
}

@article{jarvelin_etal2002,
  author =	 {J\"{a}rvelin, Kalervo and Kek\"{a}l\"{a}inen, Jaana},
  title =	 {Cumulated gain-based evaluation of IR techniques},
  journal =	 {ACM Transactions on Information Systems},
  volume =	 20,
  number =	 4,
  year =	 2002,
  pages =	 {422--446},
  publisher =	 {Association for Computing Machinery},
  address =	 {New York, NY, USA}
}

@book{manning_etal2008,
  author =	 {Manning, Christopher D. and Raghavan, Prabhakar and
                  Sch\"{u}tze, Hinrich},
  title =	 {Introduction to Information Retrieval},
  year =	 2008,
  publisher =	 {Cambridge University Press},
  address =	 {New York, NY, USA}
}

@Article{stokes2006,
  author =	 {Nicola Stokes and Yi Li and Lawrence Cavedon and Justin
                  Zobel},
  title =	 {Exploring criteria for successful query expansion in the
                  {G}enomic domain},
  journal =	 {Information Retrieval},
  year =	 2009,
  volume =	 12,
  pages =	 {17--50},
}

@incollection{Agirre2008,
year={2009},
HIDEisbn={978-3-642-04446-5},
booktitle={Evaluating Systems for Multilingual and Multimodal Information Access},
volume={5706},
series={Lecture Notes in Computer Science},
editor={Peters, Carol and Deselaers, Thomas and Ferro, Nicola and Gonzalo, Julio and Jones, GarethJ.F. and Kurimo, Mikko and Mandl, Thomas and Pe√±as, Anselmo and Petras, Vivien},
title =	 {{CLEF} 2008: {A}d {H}oc {T}rack Overview},
HIDEurl={http://dx.doi.org/10.1007/978-3-642-04447-2_2},
publisher={Springer Berlin Heidelberg},
author={Agirre, Eneko and Nunzio, GiorgioMaria and Ferro, Nicola and Mandl, Thomas and Peters, Carol},
pages={15--37}
}

@inProceedings{Lupu2009,
  author =	 {Mihai Lupu and Florina Piroi and Xiangji Huang and Jianhan Zhu and John Tait},
  title =	 {Overview of the {TREC} 2009 {C}hemical {IR} {T}rack},
  booktitle =	 {The Ninth Text REtrieval Conference (TREC 9)},
  HIDEmonth =	 {November},
  year =	 2009,
  publisher =	 {National Institute of Standards and Technology},
  address =	 {Gaithersburg, MD, USA},
  pages =	 {1--25}
}

@InProceedings{Fujii2007,
  author =	 {Atsushi Fujii and Makoto Iwayama and Noriko Kando},
  title =	 {Overview of the patent retrieval task at the {NTCIR}-6
                  workshop},
  booktitle =	 {Proceedings of NTCIR-6 Workshop Meeting},
  publisher = {National Institute of Informatics},
  address =	{Tokyo, Japa},
  year =	 2007,
  pages =	 {359--365},
  editor = {Noriko Kando and David Kirk Evans}
}

@InProceedings{Santos2009,
  author =	 {Santos, Diana and Cardoso, Nuno and Carvalho, Paula and
                  Dornescu, Iustin and Hartrumpf, Sven and Leveling, Johannes
                  and Skalban},
  title =	 {{G}iki{P} at {G}eo{CLEF} 2008: {J}oining {GIR} and {QA}
                  forces for querying {W}ikipedia},
  booktitle =	 {Evaluating Systems for Multilingual and Multimodal
                  Information Access, 9th Workshop of the Cross-Language
                  Evaluation Forum, CLEF 2008},
  address =	 {Aarhus, Denmark},
  HIDEmonth =	 {September},
  year =	 2009,
  pages =	 {894--905},
  volume =	 5706,
  series =	 {Lecture Notes in Computer Science},
  publisher =	 {Springer Berlin Heidelberg}
}

@TechReport{pew2011,
  author =	 {Susannah Fox},
  title =	 {{H}ealth {T}opics: 80\% of internet users look for health
                  information online},
  institution =	 {Pew Research Center},
  year =	 2011,
  HIDEmonth =	 {February},
}

@InProceedings{mie2012,
  author =	 {Allan Hanbury and Henning M\"uller},
  title =	 {{K}hresmoi -- multimodal multilingual medical information
                  search},
  booktitle =	 {Proceedings of Medical Informatics Europe},
  publisher = {XX},
  address =	{XX},
  pages =	 {1--3},
  year =	 2012
}
% no page numbers

@InProceedings{ohsumed,
  author =	 {William Hersh and Chris Buckley and TJ Leone and David
                  Hickam},
  title =	 {{OHSUMED}: An interactive retrieval evaluation and new large
                  test collection for research},
  pages =	 {192--201},
  booktitle =	 {Proceedings of the 17th annual international ACM SIGIR
                  conference on Research and development in information
                  retrieval},
  HIDEseries =	 {SIGIR '94},
  year =	 1994,
  isbn =	 {0-387-19889-X},
  address =	 {Dublin, Ireland},
  HIDEurl =	 {http://dl.acm.org/citation.cfm?id=188490.188557},
  acmid =	 188557,
  publisher =	 {Springer-Verlag New York, Inc.},
  HIDEaddress =	 {New York, NY, USA},
}

@InProceedings{trecmed,
  author =	 {Ellen M. Voorhees and Richard M. Tong},
  title =	 {Overview of the {TREC} 2011 {M}edical {R}ecords {T}rack},
  booktitle =	 {The Eleventh Text Retrieval Conference (TREC 2002)},
  year =	 2011,
  publisher =	 {National Institute of Standards and Technology},
  address =	 {Gaithersburg, MD, USA},
  pages =	 {1--11}
}

@Article{genomics,
  author =	 {Phoebe M Roberts and Aaron M Cohen and William R Hersh},
  title =	 {Tasks, topics and relevance judging for the {TREC}
                  {G}enomics {T}rack: five years of experience evaluating
                  biomedical text information retrieval systems},
  journal =	 {Information Retrieval},
  year =	 2009,
  volume =	 12,
  pages =	 {81--97}
}

@Book{imageclef,
  title =	 {Experimental {E}valuation in {V}isual {I}nformation {R}etrieval},
  publisher =	 {Springer},
  year =	 2010,
  editor =	 {Henning M\"uller and Paul Clough and Thomas Deselaers and Barbara Caputo},
  volume =	 32,
  series =	 {The Information Retrieval Series}
}

@InProceedings{claveau2012,
  author =	 {Vincent Claveau},
  title =	 {Unsupervised and semi-supervised morphological analysis for
                  {I}nformation {R}etrieval in the biomedical domain},
  booktitle =	 {Proceedings of COLING},
  address =	 {Mumbai, India},
  publisher = {XX},
  pages =	 {629--645},
  year =	 2012
}

@TECHREPORT{Robertson94,
  author =	 {Stephen E. Robertson and Karen Sparck Jones},
  title =	 {Simple, proven approaches to text retrieval},
  year =	 1994,
  institution =	 {University of Cambridge},
  number =	 356,
  pages =	 {1--8}
}

@Article{Salton75,
  author =	 {Gerard Salton and Andrew Wong and ChungShu Yang},
  title =	 {A vector space model for automatic indexing},
  journal =	 {Communications of the ACM},
  address =	 {New York, NY, USA},
  pages =	 {613--620},
  year =	 1975,
  volume =	 18,
  number =	 11,
}

@InProceedings{Zaragoza04,
  author =	 {Hugo Zaragoza and Nick Craswell and Michael Taylor and Suchi Saria and Stephen Robertson},
  title =	 {Microsoft {C}ambridge at {TREC}-13: {W}eb and {HARD} tracks},
  booktitle =	 {The Thirteenth Text Retrieval Conference (TREC 2004)},
  year =	 2004,
  publisher =	 {National Institute of Standards and Technology},
  address =	 {Gaithersburg, MD, USA},
  pages =	 {1--7}
} 
% no page numbers

@InProceedings{hanbury2012,
  author =	 {Allan Hanbury},
  title =	 {Medical information retrieval: an instance of
                  domain-specific search},
  booktitle =	 {Proceedings of the 35th international ACM SIGIR conference
                  on Research and development in information retrieval},
  location =	 {Portland, OR, USA},
  year =	 2012,
  address =	 {New York, NY, USA},
  publisher = {XX},
  series =	 {SIGIR '12},
  pages =	 {1191--1192}
}

@TechReport{white,
  author =	 {Ryen White and Eric Horvitz},
  title =	 {Cyberchondria: {S}tudies of the {E}scalation of {M}edical
                  {C}oncerns in {W}eb {S}earch},
  institution =	 {Microsoft Research},
  year =	 2008
}

@InProceedings{koopman12,
  author =	 {Bevan Koopman and Guido Zuccon and Peter D. Bruza and
                  Laurianne Sitbon and Michael J. Lawley},
  title =	 {An Evaluation of Corpus-driven Measures of Medical Concept
                  Similarity for Information Retrieval},
  editor =	 {Guy Lebanon and Mohammed Zaki and Haixun Wang},
  address =	 {Hawaii, USA},
  title =	 {An evaluation of corpus-driven measures of medical concept
                  similarity for information retrieval},
  publisher =	 {Association for Computing Machinery},
  pages =	 {2439--2442},
  booktitle =	 {The 21st ACM international conference on Information and
                  knowledge management },
  year =	 2012
}

@Book{suominen,
  editor =	 {Hanna Suominen},
  title =	 {The Proceedings of the {CLEFeHealth2012} -- the {CLEF} 2012
                  Workshop on Cross-Language Evaluation of Methods,
                  Applications, and Resources for e{H}ealth Document Analysis},
  publisher =	 {NICTA},
  annote =
                  {\url{http://nicta.com.au/business/health/events/clefehealth2012/programme}},
  year =	 2012
}
% does not appear in tex -

@InProceedings{KMB2011,
  author =	 {J. Kalpathy-Cramer and H. M\"uller and S. Bedrick and
                  I. Eggel and A.  Garc\'ia Seco {de Herrera} and T. Tsikrika},
  title =	 {The {CLEF} 2011 medical image retrieval and classification tasks},
  booktitle =	 {Working Notes of CLEF 2011 (Cross Language Evaluation Forum)},
  publisher = {XX},
  address =	{XX},
  year =	 2011,
}
% does not appear in tex

@InProceedings{Leveling:2012,
  booktitle =	 {Text Retrieval Conference (TREC) 2012},
  title =	 {{DCU@TRECMed} 2012: {U}sing ad-hoc baselines for domain-specific retrieval},
  author =	 {Johannes Leveling and Lorraine Goeuriot and Liadh Kelly and Gareth J.F. Jones},
  HIDEmonth =	 {November},
  year =	 2012,
  publisher =	 {National Institute of Standards and Technology},
  address =	 {Gaithersburg, MD, USA},
  pages =	 {1--9}
}

@Incollection{Suominen:2013,
  booktitle =	 {Information Access Evaluation. Multilinguality, Multimodality, and Visualization. 4th International Conference of the CLEF Initiative, CLEF 2013},
  title =	 {Overview of the {ShARe/CLEF} {eHealth} Evaluation Lab 2013},
  LONGauthor =	 {Hanna Suominen and Sanna Salanter\"a and Sumithra Velupillai and Wendy W. Chapman and Guergana Savova and Noemie Elhadad and Sameer Pradhan and Brett R. South and Danielle L. Mowery and Gareth J.F. Jones and Johannes Leveling and Liadh Kelly and Lorraine Goeuriot and David Martinez and Guido Zuccon},
  author =	 {Hanna Suominen and Sanna Salanter\"a and Sumithra Velupillai and Wendy W. Chapman and Guergana Savova and Noemie Elhadad and others},
  year =	 2013,
  volume = {8138},
  editor =	 {Pamela Forner and Henning M√ºller and Roberto Paredes and Paolo Rosso and Benno Stein},
  series =	 {Lecture Notes in Computer Science},
  publisher =	 {Springer Berlin Heidelberg},
  address =	 {Valencia, Spain},
  pages =	 {212--231}
}






@InProceedings{robertson_walker_beaulieu98,
  author =	 {Stephen E. Robertson and Steve Walker and Micheline Beaulieu},
  title =	 {Okapi at {TREC}-7: Automatic ad hoc, filtering, {VLC} and interactive track},
  booktitle =	 {The Seventh {T}ext {RE}trieval {C}onference ({TREC}-7)},
  HIDEseries =	 {NIST Special Publication 500-242},
  pages =	 {253--264},
  year =	 1998,
  editor =	 {Donna K. Harman},
  address =	 {Gaithersburg, MD, USA},
  publisher =	 {National Institute of Standards and Technology}
}

@InProceedings{robertson_walker_etal95,
  author =	 {Stephen E. Robertson and Steve Walker and Susan Jones and Micheline M. Hancock-Beaulieu and Mike Gatford},
  title =	 {{O}kapi at {TREC}-3},
  booktitle =	 {Overview of the Third Text Retrieval Conference (TREC-3)},
  pages =	 {109--126},
  year =	 1995,
  HIDEeditor =	 {Donna K. Harman},
  address =	 {Gaithersburg, MD, USA},
  publisher =	 {National Institute of Standards and Technology}
}

@inproceedings{dinunzio_etal2007,
  author =	 {Giorgio Maria Di Nunzio and Nicola Ferro and Thomas Mandl
                  and Carol Peters},
  title =	 {{CLEF} 2007: {A}d {H}oc Track Overview},
  pages =	 {13--32},
  editor =	 {Carol Peters and Valentin Jijkoun and Thomas Mandl and
                  Henning M{\"u}ller and Douglas W. Oard and Anselmo Pe{\~n}as
                  and Vivien Petras and Diana Santos},
  booktitle =	 {Advances in Multilingual and Multimodal Information
                  Retrieval, 8th Workshop of the Cross-Language Evaluation
                  Forum, CLEF 2007, Budapest, Hungary, September 19-21, 2007,
                  Revised Selected Papers},
  publisher =	 {Springer Berlin Heidelberg},
  address =	{XX},
  series =	 {Lecture Notes in Computer Science},
  volume =	 5152,
  year =	 2008
}

% DCU %%%%%%%%%%%%%%%%%%%%%%%%%%%%%%%%%%%%%%%%%%%%%%%%%%%%%%%%%%%%%%%%%%%%%%%%%

@InProceedings{Pecina:2012:tuning,
  booktitle =	 {Proceedings of the 24th International Conference on
                  Computational Linguistics (Coling 2012)},
  title =	 {Simple and Effective Parameter Tuning for Domain Adaptation
                  of Statistical Machine Translation},
  editor =	 {Martin Kay and Christian Boitet},
  author =	 {Pavel Pecina and Antonio Toral and Josef van Genabith},
  year =	 2012,
  publisher = {Coling 2012 Organizing Committee},
  HIDEorganization = {{IIT} Bombay},
  address =	 {Mumbai, India},
  venue =	 {{IIT} Bombay, {VMCC}},
  pages =	 {2209--2224},
}

@InProceedings{Pecina:2012:web,
  booktitle =	 {{EAMT} 2012: Proceedings of the 16th Annual Conference of
                  the European Association for Machine Translation},
  title =	 {Domain Adaptation of Statistical Machine Translation using
                  Web-Crawled Resources: {A} Case Study},
  editor =	 {Mauro Cettolo and Marcello Federico and Lucia Specia and
                  Andy Way},
  author =	 {Pavel Pecina and Antonio Toral and Vassilis Papavassiliou
                  and Prokopis Prokopidis and Josef van Genabith},
  year =	 2012,
  publisher =	 {European Association for Machine Translation},
  HIDEorganization = {Fondazione Bruno Kessler},
  address =	 {Trento, Italy},
  venue =	 {{FBK} research center},
  pages =	 {145--152},
}

@InProceedings{Pecina:2011,
  author =	 {Pavel Pecina and Antonio Toral and Andy Way and Vassilis Papavassiliou and Prokopis Prokopidis and Maria Giagkou},
  title =	 {Towards Using Web-Crawled Data for Domain Adaptation in Statistical Machine Translation},
  booktitle =	 {Proceedings of the 15th Annual Conference of the European Association for Machine Translation},
  pages =	 {297--304},
  year =	 2011,
  address =	 {Leuven, Belgium},
  publisher =	 {European Association for Machine Translation}
}

@inproceedings{Spoustova:2007,
  booktitle =	 {Proceedings of the Workshop on Balto-Slavonic Natural
                  Language Processing 2007},
  title =	 {The Best of Two Worlds: Cooperation of Statistical and
                  Rule-Based Taggers for {Czech}},
  author =	 {Drahom{\'{i}}ra Spoustov{\'{a}} and Jan Haji{\v{c}} and Jan
                  Votrubec and Pavel Krbec and Pavel Kv{\v{e}}to{\v{n}}},
  year =	 2007,
  publisher = {Association for Computational Linguistics},
  HIDEorganization = {Univerzita Karlova v Praze},
  address =	 {Prague, Czech Republic},
  venue =	 {Top hotel Praha},
  pages =	 {67--74},
  HIDEisbn =	 {978-1-932432-88-6},
}

@inproceedings{Schmid:1994,
  title =	 {Probabilistic part-of-speech tagging using decision trees},
  author =	 {Schmid, Helmut},
  booktitle =	 {Proceedings of international conference on new methods in language processing},
  volume =	 12,
  pages =	 {44--49},
  year =	 1994,
  address =	 {Manchester, United Kingdom}
}

@book{Hajic:2004,
  title =	 {Disambiguation of rich inflection ({C}omputational
                  morphology of {C}zech)},
  author =	 {Jan Haji{\v{c}}},
  year =	 2004,
  publisher =	 {Nakladatelstv{\'{i}} Karolinum},
  address =	 {Prague, Czech Republic},
  organization = {{UFAL} {MFF} {UK}},
  HIDEisbn =	 {80-246-0282-2},
}

@article{Popel:2009,
  journal =	 {The Prague Bulletin of Mathematical Linguistics},
  title =	 {Improving {E}nglish--{C}zech Tectogrammatical {MT}},
  author =	 {Martin Popel and Zden{\v{e}}k {\v{Z}}abokrtsk{\'{y}}},
  publisher = {Charles University in Prague},
  year =	 2009,
  address =	 {{UFAL} {MFF} {UK}, Malostransk{\'{e}} n{\'{a}}m. 25, 118 00
                  Praha 1},
  volume =	 92,
  pages =	 {1--20},
  HIDEissn =	 {0032-6585},
}

@incollection{Popel:2010,
  HIDEbooktitle ={Proceedings of the 7th International Conference on Advances
                  in Natural Language Processing (Ice{TAL} 2010)},
  booktitle =	 {Advances in Natural Language Processing},
  series =	 {Lecture Notes in Computer Science},
  title =	 {Tecto{MT}: Modular {NLP} Framework},
  editor =	 {Hrafn Loftsson and Eir\'{i}kur R{\"{o}}gnvaldsson and
                  Sigr\'{u}n Helgad\'{o}ttir},
  author =	 {Martin Popel and Zden{\v{e}}k {\v{Z}}abokrtsk{\'{y}}},
  year =	 2010,
  publisher =	 {Springer Berlin Heidelberg},
  HIDEorganization ={Iceland Centre for Language Technology ({ICLT})},
  HIDEaddress =	 {Berlin / Heidelberg},
  address =	 {Reykjavik, Iceland},
  venue =	 {Reykjavik University},
  volume =	 6233,
  pages =	 {293--304},
  HIDEisbn =	 {978-3-642-14769-2},
  HIDEissn =	 {0302-9743},
  HIDEurl =	 {http://dx.doi.org/10.1007/978-3-642-14770-8_33},
  HIDEdoi =	 {10.1007/978-3-642-14770-8_33},
}

@InProceedings{Goeuriot:2013,
  LONGauthor = {Lorraine Goeuriot and Liadh Kelly and Gareth J. F. Jones and Guido Zuccon and Hanna Suominen and Allan Hanbury and Henning M\"uller and Johannes Leveling},
  author = {Lorraine Goeuriot and Liadh Kelly and Gareth J. F. Jones and Guido Zuccon and Hanna Suominen and Allan Hanbury and others},
  address = {Tokyo/Fukuoka, Japan},
  booktitle = {Proceedings of the 5th International Workshop on Evaluating Information Access ({EVIA})},
  editor = {Song, Ruihua and Webber, William and Kando, Noriko and Kishida, Kazuaki},
  publisher = {National Institute of Informatics/Kijima Printing},
  title = {Creation of a New Evaluation Benchmark for Information Retrieval Targeting Patient Information Needs},
  year = 2013,
  pages = {29--32}
}


@inproceedings{Axelrod:2011,
  author =	 {Axelrod, Amittai and He, Xiaodong and Gao, Jianfeng},
  title =	 {Domain Adaptation via Pseudo In-Domain Data Selection},
  booktitle =	 {Proceedings of the 2011 Conference on Empirical Methods in Natural Language Processing},
  HIDEmonth =	 {July},
  year =	 2011,
  address =	 {Edinburgh, United Kingdom},
  publisher =	 {Association for Computational Linguistics},
  pages =	 {355--362},
  HIDEurl =	 {http://www.aclweb.org/anthology/D11-1033}
}

@inproceedings{Moore:2010,
  author =	 {Moore, Robert C. and Lewis, William},
  title =	 {Intelligent Selection of Language Model Training Data},
  booktitle =	 {Proceedings of the ACL 2010 Conference Short Papers},
  HIDEmonth =	 {July},
  year =	 2010,
  address =	 {Uppsala, Sweden},
  publisher =	 {Association for Computational Linguistics},
  pages =	 {220--224},
  HIDEurl =	 {http://www.aclweb.org/anthology/P10-2041}
}

@article{Dolamic:2009,
  author =	 {Dolamic, Ljiljana and Savoy, Jacques},
  title =	 {Indexing and stemming approaches for the {C}zech language},
  journal =	 {Information Processing \& Management},
  issue_date =	 {November, 2009},
  volume =	 45,
  number =	 6,
  HIDEmonth =	 nov,
  year =	 2009,
  HIDEissn =	 {0306-4573},
  pages =	 {714--720},
  numpages =	 7,
  HIDEurl =	 {http://dx.doi.org/10.1016/j.ipm.2009.06.001},
  HIDEdoi =	 {10.1016/j.ipm.2009.06.001},
  acmid =	 1598600,
  publisher =	 {Pergamon Press, Inc.},
  address =	 {Tarrytown, NY, USA},
  keywords =	 {Czech language, Evaluation, Slavic languages, Stemming},
}

@inproceedings{Koehn:2003,
  author =	 {Koehn, Philipp and Knight, Kevin},
  title =	 {Empirical methods for compound splitting},
  booktitle =	 {Proceedings of the tenth conference on European chapter of
                  the Association for Computational Linguistics},
  year =	 2003,
  HIDEisbn =	 {1-333-56789-0},
  address =	 {Budapest, Hungary},
  pages =	 {187--193},
  numpages =	 7,
  HIDEurl =	 {http://dx.doi.org/10.3115/1067807.1067833},
  HIDEdoi =	 {10.3115/1067807.1067833},
  acmid =	 1067833,
  publisher =	 {Association for Computational Linguistics},
  HIDEaddress =	 {Stroudsburg, PA, USA},
}

@article{Airio:2006,
  author =	 {Airio, Eija},
  title =	 {Word normalization and decompounding in mono- and bilingual
                  {IR}},
  journal =	 {Information Retrieval},
  HIDEissue_date =	 {June 2006},
  volume =	 9,
  number =	 3,
  HIDEmonth =	 jun,
  year =	 2006,
  HIDEissn =	 {1386-4564},
  pages =	 {249--271},
  numpages =	 23,
  HIDEurl =	 {http://dx.doi.org/10.1007/s10791-006-0884-2},
  HIDEdoi =	 {10.1007/s10791-006-0884-2},
  acmid =	 1138162,
  publisher =	 {Kluwer Academic Publishers},
  address =	 {Hingham, MA, USA},
  keywords =	 {Monolingual information retrieval, bilingual information
                  retrieval, decompounding, lemmatization, stemming},
}

@article{Lopes:2013,
  author =	 {Lopes, Carla Teixeira and Ribeiro, Cristina},
  title =	 {Measuring the value of health query translation: an analysis
                  by user language proficiency},
  journal =	 {Journal of the American Society for Information Science and
                  Technology},
  publisher =	 {John Wiley \& Sons, Inc.},
  address =	 {New York, NY, USA},
  volume =	 64,
  number =	 5,
  HIDEissn =	 {1532-2890},
  pages =	 {951--963},
  year =	 2013,
  HIDEdoi =	 {10.1002/asi.22812},
}

@article{Meats:2007,
  title =	 {Using the {T}urning {R}esearch {I}nto {P}ractice ({TRIP})
                  database: how do clinicians really search?},
  author =	 {Emma Meats and Jon Brassey and Carl Heneghan and Paul
                  Glasziou},
  journal =	 {Journal of the Medical Library Association},
  publisher =	 {Medical Library Association},
  volume =	 95,
  number =	 2,
  pages =	 {156--163},
  year =	 2007
}

@inproceedings{Koehn:2007,
  LONGauthor =	 {Koehn, Philipp and Hoang, Hieu and Birch, Alexandra and Callison-Burch, Chris and Federico, Marcello and Bertoldi, Nicola and Cowan, Brooke and Shen, Wade and Moran, Christine and Zens, Richard and Dyer, Chris and Bojar, Ondrej and Constantin, Alexandra and Herbst, Evan},
  author =	 {Koehn, Philipp and Hoang, Hieu and Birch, Alexandra and Callison-Burch, Chris and Federico, Marcello and Bertoldi, Nicola and others},
  title =	 {Moses: Open Source Toolkit for Statistical Machine
                  Translation},
  booktitle =	 {Proceedings of the 45th Annual Meeting of the Association
                  for Computational Linguistics, Companion Volume Proceedings
                  of the Demo and Poster Sessions},
  HIDEmonth =	 {June},
  year =	 2007,
  address =	 {Prague, Czech Republic},
  publisher =	 {Association for Computational Linguistics},
  pages =	 {177--180},
  HIDEurl =	 {http://www.aclweb.org/anthology/P07-2045}
}

@article{Och:2003:Giza,
  author =	 {Och, Franz Josef and Ney, Hermann},
  title =	 {A systematic comparison of various statistical alignment
                  models},
  journal =	 {Computational linguistics},
  issue_date =	 {March 2003},
  volume =	 29,
  number =	 1,
  HIDEmonth =	 mar,
  year =	 2003,
  HIDEissn =	 {0891-2017},
  pages =	 {19--51},
  numpages =	 33,
  HIDEurl =	 {http://dx.doi.org/10.1162/089120103321337421},
  HIDEdoi =	 {10.1162/089120103321337421},
  acmid =	 778824,
  publisher ={MIT Press},
  address =	 {Cambridge, MA, USA},
}

@inproceedings{Och:2003:MERT,
  author =	 {Franz Josef Och},
  title =	 {Minimum Error Rate Training in Statistical Machine
                  Translation},
  booktitle =	 {Proceedings of the 41st Annual Meeting of the Association
                  for Computational Linguistics},
  HIDEmonth =	 {July},
  year =	 2003,
  address =	 {Sapporo, Japan},
  publisher =	 {Association for Computational Linguistics},
  pages =	 {160--167},
  HIDEurl =	 {http://www.aclweb.org/anthology/P03-1021},
  HIDEdoi =	 {10.3115/1075096.1075117}
}

@article{Bertoldi:2009:MERT,
  author =	 {Bertoldi, Nicola and Haddow, Barry and Fouet, Jean-Baptiste},
  title =	 {Improved Minimum Error Rate Training in {M}oses},
  journal =	 {Prague Bulletin of Mathematical Linguistics},
  publisher = {Charles University in Prague},
  address =	 {{UFAL} {MFF} {UK}, Malostransk{\'{e}} n{\'{a}}m. 25, 118 00
                  Praha 1},
  volume =	 91,
  year =	 2009,
  pages =	 {7--16}
}

@InProceedings{Bertoldi:2009:DA,
  author =	 {Bertoldi, Nicola and Federico, Marcello},
  title =	 {Domain adaptation for statistical machine translation with monolingual resources},
  booktitle =	 {Proceedings of the Fourth Workshop on Statistical Machine Translation},
  year =	 2009,
  address =	 {Athens, Greece},
  pages =	 {182--189},
  numpages =	 8,
  HIDEurl =	 {http://dl.acm.org/citation.cfm?id = 1626431.1626468},
  acmid =	 1626468,
  publisher =	 {Association for Computational Linguistics},
  HIDEaddress =	 {Stroudsburg, PA, USA},
}

@inproceedings{Papineni:2002,
  author =	 {Papineni, Kishore and Roukos, Salim and Ward, Todd and Zhu, Wei-Jing},
  title =	 {{BLEU}: a method for automatic evaluation of machine translation},
  booktitle =	 {Proceedings of the 40th Annual Meeting of the Association for Computational Linguistics},
  HIDEseries =	 {ACL '02},
  year =	 2002,
  address =	 {Philadelphia, PA, USA},
  pages =	 {311--318},
  numpages =	 8,
  HIDEurl =	 {http://dx.doi.org/10.3115/1073083.1073135},
  HIDEdoi =	 {10.3115/1073083.1073135},
  acmid =	 1073135,
  publisher =	 {Association for Computational Linguistics},
  HIDEaddress =	 {Stroudsburg, PA, USA},
}

@inproceedings{Langlais:2002,
  author =	 {Langlais, Philippe},
  title =	 {Improving a general-purpose Statistical Translation Engine by terminological lexicons},
  booktitle =	 {COLING-02 on COMPUTERM 2002: second international workshop on computational terminology},
  volume =	 14,
  address =	 {Taipei, Taiwan},
  HIDEseries =	 {COMPUTERM '02},
  year =	 2002,
  pages =	 {1--7},
  numpages =	 7,
  HIDEurl =	 {http://dx.doi.org/10.3115/1118771.1118776},
  HIDEdoi =	 {10.3115/1118771.1118776},
  acmid =	 1118776,
  publisher =	 {Association for Computational Linguistics},
  HIDEaddress =	 {Stroudsburg, PA, USA},
}

@inproceedings{KoehnSchroeder:2007,
  author =	 {Koehn, Philipp and Schroeder, Josh},
  title =	 {Experiments in Domain Adaptation for Statistical Machine Translation},
  booktitle =	 {Proceedings of the Second Workshop on Statistical Machine Translation},
  HIDEmonth =	 {June},
  year =	 2007,
  address =	 {Prague, Czech Republic},
  publisher =	 {Association for Computational Linguistics},
  pages =	 {224--227},
  HIDEurl =	 {http://www.aclweb.org/anthology/W/W07/W07-0733}
}

@inproceedings{Sanchis-Trilles:2010,
  author =	 {Sanchis-Trilles, Germ\'{a}n and Casacuberta, Francisco},
  title =	 {Log-linear weight optimisation via Bayesian adaptation in statistical machine translation},
  booktitle =	 {Proceedings of the 23rd International Conference on Computational Linguistics: Posters},
  HIDEseries =	 {COLING '10},
  year =	 2010,
  address =	 {Beijing, China},
  pages =	 {1077--1085},
  numpages =	 9,
  HIDEurl =	 {http://dl.acm.org/citation.cfm?id = 1944566.1944690},
  acmid =	 1944690,
  publisher =	 {Association for Computational Linguistics},
  HIDEaddress =	 {Stroudsburg, PA, USA},
}

@inproceedings{Nakov:2008,
  author =	 {Nakov, Preslav},
  title =	 {Improving {English--Spanish} Statistical Machine Translation:
                  Experiments in Domain Adaptation, Sentence Paraphrasing,
                  Tokenization, and Recasing},
  booktitle =	 {Proceedings of the Third Workshop on Statistical Machine
                  Translation},
  HIDEmonth =	 {June},
  year =	 2008,
  address =	 {Columbus, OH, USA},
  publisher =	 {Association for Computational Linguistics},
  pages =	 {147--150},
  HIDEurl =	 {http://www.aclweb.org/anthology/W/W08/W08-0320},
  HIDEisbn =	 {978-1-932432-09-1},
}

@inproceedings{Bisazza:2011,
  author =	 {Bisazza, Arianna and Ruiz, Nick and Federico, Marcello},
  booktitle =	 {Proceedings of the International Workshop on Spoken Language Translation},
  title =	 {Fill-up versus Interpolation Methods for Phrase-based {SMT} Adaptation},
  year =	 2011,
  address =	 {San Francisco, CA, USA},
  publisher =	 {International Speech Communication Association},
  pages =	 {136--143}
}

@inproceedings{Finch:2008,
  author =	 {Finch, Andrew and Sumita, Eiichiro},
  title =	 {Dynamic Model Interpolation for Statistical Machine
                  Translation},
  booktitle =	 {Proceedings of the Third Workshop on Statistical Machine
                  Translation},
  HIDEmonth =	 {June},
  year =	 2008,
  address =	 {Columbus, OH, USA},
  publisher =	 {Association for Computational Linguistics},
  pages =	 {208--215},
  HIDEurl =	 {http://www.aclweb.org/anthology/W/W08/W08-0334}
}

@InProceedings{Eck:2004,
  author =	 {Matthias Eck and Stephan Vogel and Alex Waibel},
  year =	 2004,
  title =	 {Language Model Adaptation for Statistical Machine Translation based on Information Retrieval},
  booktitle =	 {Proceedings of the International Conference on Language Resources and Evaluation},
  pages =	 {327--330},
  editor = 	 {Maria Teresa Lino and Maria Francisca Xavier and F\'{a}tima Ferreira and Rute Costa and Raquel Silva},
  publisher =	 {European Language Resources Association},
  address =	 {Lisbon, Portugal}
}

@inproceedings{Hildebrand:2005,
  title =	 {Adaptation of the Translation Model for Statistical Machine
                  Translation based on Information Retrieval},
  year =	 2005,
  author =	 {Almut Silja Hildebrand and Matthias Eck and Stephan Vogel
                  and Alex Waibel},
  booktitle =	 {Proceedings of the 10th Annual Conference of the European
                  Association for Machine Translation},
  address =	 {Budapest, Hungary},
  publisher = {European Association for Machine Translation},
  pages =	 {133--142}
}

@article{Munteanu:2005,
  author =	 {Munteanu, Dragos Stefan and Marcu, Daniel},
  title =	 {Improving Machine Translation Performance by Exploiting
                  Non-Parallel Corpora},
  journal =	 {Computational Linguistics},
  issue_date =	 {December 2005},
  volume =	 31,
  number =	 4,
  HIDEmonth =	 dec,
  year =	 2005,
  HIDEissn =	 {0891-2017},
  pages =	 {477--504},
  numpages =	 28,
  HIDEurl =	 {http://dx.doi.org/10.1162/089120105775299168},
  HIDEdoi =	 {10.1162/089120105775299168},
  acmid =	 1110828,
  publisher =	 {MIT Press},
  address =	 {Cambridge, MA, USA},
}

@InProceedings{Foster:2010,
  author =	 {Foster, George and Goutte, Cyril and Kuhn, Roland},
  title =	 {Discriminative Instance Weighting for Domain Adaptation in
                  Statistical Machine Translation},
  booktitle =	 {Proceedings of the 2010 Conference on Empirical Methods in
                  Natural Language Processing},
  HIDEmonth =	 {October},
  year =	 2010,
  address =	 {Cambridge, MA, USA},
  publisher =	 {Association for Computational Linguistics},
  pages =	 {451--459},
  HIDEurl =	 {http://www.aclweb.org/anthology/D10-1044}
}

@InProceedings {Mansour:2011,
  author =	 {Mansour, Saab and Wuebker, Joern and Ney, Hermann},
  title =	 {Combining Translation and Language Model Scoring for
                  Domain-Specific Data Filtering},
  booktitle =	 {International Workshop on Spoken Language Translation},
  year =	 2011,
  pages =	 {222--229},
  publisher = {International Speech Communication Associati},
  address =	 {San Francisco, CA, USA}
}

@inproceedings{Daume:2011,
  author =	 {Hal {Daum{\'e} III} and Jagadeesh Jagarlamudi},
  title =	 {Domain Adaptation for Machine Translation by Mining Unseen
                  Words},
  booktitle =	 {Proceedings of the 49th Annual Meeting of the Association
                  for Computational Linguistics and Human Language
                  Technologies, Short Papers},
  year =	 2011,
  pages =	 {407--412},
  address =	 {Portland, OR, USA},
  HIDEmonth =	 {June},
  publisher =	 {Association for Computational Linguistics},
  HIDEurl =	 {http://www.aclweb.org/anthology/P11-2071}
}

@incollection{JHU-SummerWorkshop2012,
  LONGauthor =	 {Marine Carpuat and Hal {Daum\'e III} and Alexander Fraser and Chris Quirk and Fabienne Braune and Ann Clifton and Ann Irvine and Jagadeesh Jagarlamudi and John Morgan and Majid Razmara and Ale\v{s} Tamchyna and Katharine Henry and Rachel Rudinger},
  author =	 {Marine Carpuat and Hal {Daum\'e III} and Alexander Fraser and Chris Quirk and Fabienne Braune and Ann Clifton and others },
  title =	 {Domain Adaptation in Machine Translation: Final Report},
  booktitle =	 {2012 Johns Hopkins Summer Workshop Final Report},
  publisher =	 {Johns Hopkins University},
  year =	 2012,
  HIDEurl =	 {http://hal3.name/damt/},
  pages =	 {61--72},
}

@inproceedings{CarpuatWu07,
  author =	 {Marine Carpuat and Dekai Wu},
  title =	 {Improving Statistical Machine Translation Using Word Sense
                  Disambiguation},
  booktitle =	 {Proceedings of the 2007 Joint Conference on Empirical
                  Methods in Natural Language Processing and Computational
                  Natural Language Learning},
  year =	 2007,
  publisher = {XX},
  address =	 {Prague, Czech Republic},
  pages =	 {61--72}
}

@inproceedings{Wu:2004,
  HIDEbooktitle ={Proceedings of the 6th Conference of the Association for Machine Translation in the Americas},
  HIDEaddress =	 {Washington, DC, USA},
  year =	 2004,
  HIDEisbn =	 {978-3-540-23300-8},
  booktitle =	 {Machine Translation: From Real Users to Research},
  volume =	 3265,
  series =	 {Lecture Notes in Computer Science},
  editor =	 {Frederking, Robert E. and Taylor, Kathryn B.},
  HIDEdoi =	 {10.1007/978-3-540-30194-3_29},
  title =	 {Improving Domain-Specific Word Alignment with a General
                  Bilingual Corpus},
  HIDEurl =	 {http://dx.doi.org/10.1007/978-3-540-30194-3_29},
  publisher =	 {Springer Berlin Heidelberg},
  HIDEaddress = 	 {XX},
  author =	 {Wu, Hua and Wang, Haifeng},
  pages =	 {262--271}
}

@inproceedings{Doddington:2002,
  author =	 {Doddington, George},
  title =	 {Automatic evaluation of machine translation quality using
                  n-gram co-occurrence statistics},
  booktitle =	 {Proceedings of the second international conference on Human
                  Language Technology Research},
  HIDEseries =	 {HLT '02},
  year =	 2002,
  address =	 {San Diego, CA, USA},
  pages =	 {138--145},
  numpages =	 8,
  HIDEurl =	 {http://dl.acm.org/citation.cfm?id = 1289189.1289273},
  publisher =	 {Morgan Kaufmann Publishers Inc.},
  HIDEaddress =	 {San Francisco, CA, USA},
}

@InProceedings{Banerjee:2005,
  author =	 {Banerjee, Satanjeev and Lavie, Alon},
  title =	 {{METEOR}: An Automatic Metric for {MT} Evaluation with
                  Improved Correlation with Human Judgments},
  booktitle =	 {Proceedings of the ACL Workshop on Intrinsic and Extrinsic
                  Evaluation Measures for Machine Translation and/or
                  Summarization},
  HIDEmonth =	 {June},
  year =	 2005,
  address =	 {Ann Arbor, MI, USA},
  publisher =	 {Association for Computational Linguistics},
  pages =	 {65--72},
  HIDEurl =	 {http://www.aclweb.org/anthology/W/W05/W05-0909}
}

@article{Levenshtein:1966,
  author =	 {Levenshtein, Vladimir I},
  title =	 {Binary codes capable of correcting deletions, insertions,
                  and reversals},
  journal =	 {Soviet Physics Doklady},
  volume =	 10,
  pages =	 {707--710},
  year =	 1966
}

@inproceedings{Tillmann:1997,
  author =	 {Christoph Tillmann and Stephan Vogel and Hermann Ney and Alex Zubiaga and Hassan Sawaf},
  title =	 {Accelerated {DP} based search for statistical translation},
  booktitle =	 {Proceedings of the Fifth European Conference on Speech Communication and Technology},
  editor    =	 {George Kokkinakis and Nikos Fakotakis and Evangelos Dermatas},                  
  address =	 {Rhodes, Greece},
  publisher =	 {International Speech Communication Association},
  year =	 1997,
  pages =	 {2667--2670},
  HIDEurl =	 {www-i6.informatik.rwth-aachen.de/publications/download/203/tillmann-eurospeech-1997.pdf},
}

@TechReport{Boyer:2012,
  author =	 {Celia Boyer and Manfred Gschwandtner and Allan Hanbury and
                  Marlene Kritz and Natalia Pletneva and Matthias Samwald and
                  Alejandro Vargas},
  title =	 {Use case definition including concrete data requirements
                  ({D8.2})},
  institution =	 {Khresmoi project},
  year =	 2012,
  type =	 {Public deliverable}
}

@incollection{Chen:2002,
  author =	 {Aitao Chen},
  title =	 {Cross-Language Retrieval Experiments at {CLEF} 2002},
  HIDEbooktitle ={Proceedings of Evaluation of Cross-Language Information
                  Retrieval Systems: 3rd Workshop of the Cross-Language
                  Evaluation Forum},
  address =	 {Rome, Italy},
  year =	 2002,
  pages =	 {28--48},
  publisher =	 {Springer Berlin Heidelberg},
  booktitle =	 {Advances in Cross-Language Information Retrieval},
  volume =	 2785,
  series =	 {Lecture Notes in Computer Science},
  editor =	 {Peters, Carol and Braschler, Martin and Gonzalo, Julio},
  HIDEisbn =	 {978-3-540-40830-7},
  HIDEurl =	 {http://dx.doi.org/10.1007/978-3-540-45237-9_3},
}

@inproceedings{Alfonseca:2008,
  author =	 {Alfonseca, Enrique and Bilac, Slaven and Pharies, Stefan},
  title =	 {Decompounding query keywords from compounding languages},
  booktitle =	 {Proceedings of the 46th Annual Meeting of the Association for Computational Linguistics, Short Papers},
  HIDEmonth =	 {June},
  year =	 2008,
  address =	 {Columbus, OH, USA},
  publisher =	 {Association for Computational Linguistics},
  pages =	 {253--256},
  HIDEurl =	 {http://www.aclweb.org/anthology/P/P08/P08-2064}
}

@article{Rogers:1963,
  author =	 {Rogers, Frank},
  journal =	 {Bulletin of the Medical Library Association},
  publisher =	 {Medical Library Association},
  pages =	 {114--116},
  title =	 {Medical subject headings},
  volume =	 51,
  year =	 1963
}

@incollection{waeschle:2012,
  year =	 2012,
  isbn =	 {978-3-642-31273-1},
  booktitle =	 {Multidisciplinary Information Retrieval},
  volume =	 7356,
  series =	 {Lecture Notes in Computer Science},
  editor =	 {Salampasis, Michail and Larsen, Birger},
  HIDEdoi =	 {10.1007/978-3-642-31274-8_2},
  title =	 {Analyzing Parallelism and Domain Similarities in the {MAREC}
                  Patent Corpus},
  HIDEurl =	 {http://dx.doi.org/10.1007/978-3-642-31274-8_2},
  publisher =	 {Springer Berlin Heidelberg},
  author =	 {Katharina W\"{a}schle and Stefan Riezler},
  pages =	 {12--27}
}

@article{bizer09dbpedia,
  author =	 {Bizer, Christian and Lehmann, Jens and Kobilarov, Georgi and
                  Auer, S\"{o}ren and Becker, Christian and Cyganiak, Richard
                  and Hellmann, Sebastian},
  journal =	 {Web Semantics: Science, Services and Agents on the World
                  Wide Web},
  number =	 3,
  pages =	 {154--165},
  title =	 {{DB}pedia -- A crystallization point for the Web of Data},
  volume =	 7,
  year =	 2009,
  HIDEurl =	 {http://dx.doi.org/10.1016/j.websem.2009.07.002}
}

@inproceedings{tiedemann:2009,
  title =	 {News from {OPUS} -- A collection of multilingual parallel
                  corpora with tools and interfaces},
  author =	 {Tiedemann, J{\"o}rg},
  booktitle =	 {Recent Advances in Natural Language Processing},
  address =	 {Borovets, Bulgaria},
  volume =	 5,
  pages =	 {237--248},
  year =	 2009,
  publisher =	 {John Benjamins}
}

@inproceedings{koehn:2005,
  title =	 {Europarl: a parallel corpus for statistical machine translation},
  author =	 {Koehn, Philipp},
  address =	 {Phuket, Thailand},
  publisher =	 {Asia-Pacific Association for Machine Translation},
  booktitle =	 {Conference Proceedings: the tenth Machine Translation Summit},
  pages =	 {79--86},
  year =	 2005
}

@inproceedings{steinberger:2006,
  title =	 {The {JRC}-{A}cquis: {A} multilingual aligned parallel corpus with 20+ languages},
  LONGauthor =	 {Steinberger, Ralf and Pouliquen, Bruno and Widiger, Anna and Ignat, Camelia and Erjavec, Tomaz and Tufis, Dan and Varga, D{\'a}niel},
  author =	 {Steinberger, Ralf and Pouliquen, Bruno and Widiger, Anna and Ignat, Camelia and Erjavec, Tomaz and Tufis, Dan and others},
  pages =	 {2141--2147},
  address =	 {Genoa, Italy},
  publisher =	 {European Language Resources Association},
  booktitle =	 {Proceedings of the Fifth International Conference on Language Resources and Evaluation},
  editor =	 {Nicoletta Calzolari and Khalid Choukri and Aldo Gangemi and Bente Maegaard and Joseph Mariani and Jan Odijk and Daniel Tapias},
  year =	 2006
}

@InProceedings{callisonburch:2012,
  author =	 {Chris Callison-Burch and Philipp Koehn and Christof Monz and
                  Matt Post and Radu Soricut and Lucia Specia},
  title =	 {Findings of the 2012 Workshop on Statistical Machine
                  Translation},
  booktitle =	 {Proceedings of the Seventh Workshop on Statistical Machine
                  Translation},
  year =	 2012,
  address =	 {Montr{\'e}al, Canada},
  publisher =	 {Association for Computational Linguistics},
  pages =	 {10--51},
  HIDEurl =	 {http://www.aclweb.org/anthology/W12-3102},
  HIDEmonth =	 {June}
}

@inproceedings{czeng10:lrec2012,
  author =	 {Ond\v{r}ej Bojar and Zden\v{e}k \v{Z}abokrtsk{\'y} and
                  Ond\v{r}ej Du\v{s}ek and Petra Galu\v{s}\v{c}{\'a}kov{\'a}
                  and Martin Majli\v{s} and David Mare\v{c}ek and
                  Ji\v{r}{\'\i} Mar\v{s}{\'\i}k and Michal Nov{\'a}k and
                  Martin Popel and Ale\v{s} Tamchyna},
  title =	 {The Joy of Parallelism with {CzEng} 1.0},
  booktitle =	 {Proceedings of the Eighth International Conference on
                  Language Resources and Evaluation},
  year =	 2012,
  address =	 {Istanbul, Turkey},
  pages =	 {3921--3928},
  editor =	 {Nicoletta Calzolari and Khalid Choukri
                  and Thierry Declerck and Mehmet U\u{g}ur Do\u{g}an and Bente
                  Maegaard and Joseph Mariani and Jan Odijk and Stelios
                  Piperidis},
  publisher =	 {European Language Resources Association},

  HIDEurl =
                  {http://www.lrec-conf.org/proceedings/lrec2012/pdf/645_Paper.pdf},
}

@misc{linguistic1997hansard,
  title =	 {Hansard Corpus of Parallel {E}nglish and {F}rench},
  author =	 {Salim Roukos and David Graff and Dan Melamed},
  year =	 1995,
  note =	 {Linguistic Data Consortium, Philadelphia, PA, USA},
  HIDEurl =	 {http://www.ldc.upenn.edu}
}

@inproceedings{eisele:2010,
  title =	 {Multi{UN}: A multilingual corpus from {U}nited {N}ation
                  documents},
  author =	 {Eisele, Andreas and Chen, Yu},
  booktitle =	 {Proceedings of the Seventh conference on International
                  Language Resources and Evaluation (LREC-2010)},
  address =	 {Valletta, Malta},
  editor =	 {Nicoletta Calzolari and Khalid Choukri and Bente Maegaard and Joseph Mariani and Jan Odijk and Stelios Piperidis and Mike Rosner and Daniel Tapias},
  publisher =	 {European Language Resources Association},
  year =	 2010,
  pages =	 {2868--2872}
}

@book{sgallhp:1986,
      author = {Petr Sgall and Eva Haji{\v{c}}ov{\'{a}} and Jarmila Panevov{\'{a}}},
      title = "{The Meaning of the Sentence and Its Semantic and Pragmatic Aspects}",
      publisher = {Academia/Reidel Publishing Company},
      address = {Prague, Czech Republic/Dordrecht, Netherlands},
      year = {1986}
}


@inproceedings{hajic2012announcing,
      author = {
Jan Haji{\v{c}} and Eva Haji{\v{c}}ov{\'{a}} and Jarmila
Panevov{\'{a}} and Petr Sgall and Ond{\v{r}}ej Bojar and Silvie Cinkov{\'{a}}
and Eva
Fu{\v{c}}{\'{\i}}kov{\'{a}} and Marie Mikulov{\'{a}} and Petr Pajas and Jan
Popelka and Ji{\v{r}}{\'{\i}} Semeck{\'{y}} and Jana {\v{S}}indlerov{\'{a}} and
Jan {\v{S}}t{\v{e}}p{\'{a}}nek and Josef Toman and Zde{\v{n}}ka
Ure{\v{s}}ov{\'{a}} and Zden{\v{e}}k {\v{Z}}abokrtsk{\'{y}}
  },
      title = "{Announcing Prague Czech-English Dependency Treebank 2.0}",
      booktitle = {Proceedings of the Eighth International Language Resources and Evaluation Conference (LREC'12)},
      organization = {ELRA},
      address = {Istanbul, Turkey},
      month = may,
    publisher = {European Language Resources Association},
      year = {2012},
      pages = {3153-3160},
      isbn = {978-2-9517408-7-7},
}

@article{thompson:2009,
  title =	 {Construction of an annotated corpus to support biomedical
                  information extraction},
  author =	 {Thompson, Paul and Iqbal, Syed and McNaught, John and
                  Ananiadou, Sophia},
  journal =	 {BMC bioinformatics},
  volume =	 10,
  number =	 1,
  pages =	 349,
  year =	 2009,
  publisher =	 {BioMed Central Ltd}
}

@article{kim2003genia,
  title =	 {{GENIA} corpus -- a semantically annotated corpus for
                  bio-textmining},
  author =	 {Kim, Jin-Dong and Ohta, Tomoko and Tateisi, Yuka and Tsujii,
                  Jun‚Äôichi},
  journal =	 {Bioinformatics},
  volume =	 19,
  number =	 {suppl 1},
  pages =	 {i180--i182},
  year =	 2003,
  publisher =	 {Oxford Univ Press}
}

@incollection{rosse:2008,
  year =	 2008,
  isbn =	 {978-1-84628-884-5},
  booktitle =	 {Anatomy Ontologies for Bioinformatics},
  volume =	 6,
  series =	 {Computational Biology},
  editor =	 {Burger, Albert and Davidson, Duncan and Baldock, Richard},
  HIDEdoi =	 {10.1007/978-1-84628-885-2_4},
  title =	 {The Foundational Model of Anatomy Ontology},
  HIDEurl =	 {http://dx.doi.org/10.1007/978-1-84628-885-2_4},
  publisher =	 {Springer London},
  author =	 {Rosse, Cornelius and Mejino Jr., Jos{\'e} L. V.},
  pages =	 {59--117}
}

@article {spink_wolfram_etal2001,
author = {Spink, Amanda and Wolfram, Dietmar and Jansen, Major B. J. and Saracevic, Tefko},
title = {Searching the web: {T}he public and their queries},
journal = {Journal of the American Society for Information Science and Technology},
volume = {52},
number = {3},
publisher = {John Wiley & Sons, Inc.},
issn = {1532-2890},
pages = {226--234},
year = {2001}
}



@article{knox2011drugbank,
  title =	 {{DrugBank} 3.0: a comprehensive resource for ‚Äò{O}mics‚Äô
                  research on drugs},
  author =	 {Knox, Craig and Law, Vivian and Jewison, Timothy and Liu,
                  Philip and Ly, Son and Frolkis, Alex and Pon, Allison and
                  Banco, Kelly and Mak, Christine and Neveu, Vanessa and
                  Djoumbou, Yannick and Eisner, Roman and Guo, An Chi and
                  Wishart, David S.},
  journal =	 {Nucleic acids research},
  volume =	 39,
  number =	 {suppl 1},
  pages =	 {D1035--D1041},
  year =	 2011,
  publisher =	 {Oxford Univ Press}
}

@InProceedings{smith-EtAl:2013:ACL,
  author    = {Smith, Jason R.  and  Saint-Amand, Herve  and  Plamada, Magdalena  and  Koehn, Philipp  and  Callison-Burch, Chris  and  Lopez, Adam},
  title     = {Dirt Cheap Web-Scale Parallel Text from the Common Crawl},
  booktitle = {Proceedings of the 51st Annual Meeting of the Association for Computational Linguistics (Volume 1: Long Papers)},
  HIDEmonth = {August},
  year      = {2013},
  address   = {Sofia, Bulgaria},
  publisher = {Association for Computational Linguistics},
  pages     = {1374--1383},
  HIDEurl   = {http://www.aclweb.org/anthology/P13-1135}
}

@TechReport{MuchMore:final,
  author =	 {Paul Buitelaar and Bogdan Sacaleanu and \v{S}pela Vintar and
                  Diana Steffen and Martin Volk and Herv√© Dejean and Eric
                  Gaussier and Dominic Widdows and Oktavian Weiser and Robert
                  Frederking},
  title =	 {Multilingual Concept Hierarchies for Medical Information
                  Organization and Retrieval},
  institution =	 {MuchMore project},
  year =	 2003,
  type =	 {Public deliverable}
}

@inproceedings{Koehn:2004:sigtest,
  author =	 {Koehn, Philipp},
  title =	 {Statistical Significance Tests for Machine Translation Evaluation},
  booktitle =	 {Proceedings of the 2004 Conference on Empirical Methods in Natural Language Processing},
  year =	 2004,
  address =	 {Barcelona, Spain},
  editor =	 {Dekang Lin and Dekai Wu},
  publisher =	 {Association for Computational Linguistics},
  pages =	 {388--395}
}


@inproceedings{Kneser:1995,
  author =	 {Reinhard Kneser and Hermann Ney},
  booktitle =	 {Proceedings of the International Conference on Acoustics,
                  Speech and Signal Processing},
  pages =	 {181--184},
  volume =	 1,
  title =	 {Improved Backing-Off for {N}-Gram Language Modeling},
  publisher = {IEEE},
  address = {Detroit, MI, USA},
  year =	 1995
}

@inproceedings{Stolcke:2002,
  author =	 {Andreas Stolcke},
  booktitle =	 {Proceedings of International Conference on Spoken Language Processing},
  pages =	 {901--904},
  title =	 {{SRILM} -- an extensible language modeling toolkit},
  address =	 {Denver, CO, USA},
  publisher =	 {International Speech Communication Association},
  year =	 2002
}

@TechReport{WIPO,
  author =	 {WIPO},
  title =	 {{PCT} Yearly Review. The International Patent System},
  institution =	 {World Intellectual Property Organization},
  year =	 2012
}

@article{Forcada:2011,
  author =	 {Forcada, Mikel L. and Ginest\'{\i}-Rosell, Mireia and
                  Nordfalk, Jacob and O'Regan, Jim and Ortiz-Rojas, Sergio and
                  P{\'e}rez-Ortiz, Juan Antonio and S\'{a}nchez-Mart\'{\i}nez,
                  Felipe and Ram\'{\i}rez-S\'{a}nchez, Gema and Tyers, Francis
                  M.},
  title =	 {Apertium: a free/open-source platform for rule-based machine
                  translation},
  journal =	 {Machine Translation},
  issue_date =	 {June 2011},
  volume =	 25,
  number =	 2,
  HIDEmonth =	 jun,
  year =	 2011,
  issn =	 {0922-6567},
  pages =	 {127--144},
  numpages =	 18,
  publisher =	 {Springer Netherlands},
  HIDEpublisher ={Kluwer Academic Publishers},
  address =	 {Hingham, MA, USA}
}

@misc{gigaword-enfr,
  title =	 {English {G}igaword Fifth Edition},
  author =	 {Robert Parker and David Graff and Junbo Kong and Ke Chen and
                  Kazuaki Maeda},
  year =	 2011,
  note =	 {Linguistic Data Consortium, Philadelphia, PA, USA},
  HIDEnote =	 {LDC2011T07},
}

@article{Bouayad-Agha00,
  author =	 {Nadjet Bouayad-Agha and Donia R. Scott and Richard Power},
  title =	 {Integrating Content and Style in Documents: {A} Case Study
                  of Patient Information Leaflets},
  journal =	 {Information Design Journal},
  year =	 2000,
  volume =	 9,
  number =	 {2--3},
  pages =	 {161--176},
  publisher =	 {John Benjamins Publishing Company}
}

@inproceedings{Magdy:2011,
  author =	 {Walid Magdy and Gareth J. F. Jones},
  title =	 {An efficient method for using machine translation
                  technologies in cross-language patent search},
  booktitle =	 {Proceedings of the 20th ACM International Conference on
                  Information and Knowledge Management},
  year =	 2011,
  pages =	 {1925--1928},
  publisher =	 {Association for Computing Machinery},
  address =	 {Glasgow, United Kingdom},
  HIDEurl =	 {http://doi.acm.org/10.1145/2063576.2063856},
}

@article{Zhou:2012,
  author =	 {Zhou, Dong and Truran, Mark and Brailsford, Tim and Wade,
                  Vincent and Ashman, Helen},
  title =	 {Translation techniques in cross-language information
                  retrieval},
  journal =	 {ACM Computing Surveys},
  issue_date =	 {November 2012},
  volume =	 45,
  number =	 1,
  HIDEmonth =	 dec,
  year =	 2012,
  issn =	 {0360-0300},
  pages =	 {1:1--1:44},
  articleno =	 1,
  numpages =	 44,
  publisher ={Association for Computing Machinery},
  address =	 {New York, NY, USA}
}

@inproceedings{Dyer-etal:2013,
  author =	 {Chris Dyer and Victor Chahuneau and Noah A. Smith},
  title =	 {A Simple, Fast, and Effective Reparameterization of {IBM} {Model} 2},
  year =	 2013,
  address =	 {Atlanta, GA, USA},
  booktitle =	 {Proceedings of the 2013 Conference of the {N}orth {A}merican
                  Chapter of the {A}ssociation for Computational Linguistics:
                  Human Language Technologies},
  pages =	 {644--648},
  publisher =	 {Association for Computational Linguistics},
  HIDEurl =	 {http://www.aclweb.org/anthology/N13-1073}
}

@inproceedings{Heafield-estimate,
  author    = {Heafield, Kenneth  and  Pouzyrevsky, Ivan  and  Clark, Jonathan H.  and  Koehn, Philipp},
  title     = {Scalable Modified Kneser-Ney Language Model Estimation},
  booktitle = {Proceedings of the 51st Annual Meeting of the Association for Computational Linguistics (Volume 2: Short Papers)},
  HIDEmonth     = {August},
  year      = {2013},
  address   = {Sofia, Bulgaria},
  publisher = {Association for Computational Linguistics},
  pages     = {690--696},
  HIDEurl       = {http://www.aclweb.org/anthology/P13-2121}
}

@inproceedings{Heafield-kenlm,
  author =	 {Kenneth Heafield},
  title =	 {{KenLM:} Faster and Smaller Language Model Queries},
  year =	 2011,
  HIDEmonth =	 {July},
  booktitle =	 {Proceedings of the Sixth Workshop on Statistical Machine
                  Translation},
  address =	 {Edinburgh, United Kingdom},
  pages =	 {187--197},
  HIDEurl =	 {http://kheafield.com/professional/avenue/kenlm.pdf},
  publisher =	 {Association for Computational Linguistics},
}

@InProceedings{chimera:2013,
  author    = {Bojar, Ond\v{r}ej  and  Rosa, Rudolf  and  Tamchyna, Ale\v{s}},
  title     = {Chimera -- Three Heads for {English-to-Czech} Translation},
  booktitle = {Proceedings of the Eighth Workshop on Statistical Machine Translation},
  HIDEmonth     = {August},
  year      = {2013},
  address   = {Sofia, Bulgaria},
  publisher = {Association for Computational Linguistics},
  pages     = {92--98},
  HIDEurl   = {http://www.aclweb.org/anthology/W13-2208}
}

@inproceedings{Pouliquen:2011,
  author =	 {Bruno Pouliquen and Christophe Mazenc},
  title =	 {{COPPA}, {CLIR} and {TAPTA}: {t}hree tools to assist in
                  overcoming the patent barrier at {WIPO}},
  booktitle =	 {Proceedings of the Thirteenth Machine Translation Summit},
  HIDEmonth =	 Sep,
  year =	 2011,
  address =	 {Xiamen, China},
  publisher = {Asia-Pacific Association for Machine Translation},
  pages =	 {24--30}
}

@article{Ballesteros:1997,
  title =	 {Phrasal translation and query expansion techniques for cross-language information retrieval},
  author =	 {Ballesteros, Lisa and Croft, W. Bruce},
  journal =	 {SIGIR Forum},
  volume =	 {31},
  HIDEnumber =	 {SI},
  HIDEmonth =	 jul,
  pages =	 {84--91},
  year =	 1997,
  publisher =	 {Association for Computing Machinery},
  address =	 {New York, NY, USA},
  HIDEurl =	 {http://ciir-publications.cs.umass.edu/pdf/IR-104.pdf}
}

@inproceedings{Pirkola:1998,
  title =	 {The effects of query structure and dictionary setups in
                  dictionary-based cross-language information retrieval},
  author =	 {Pirkola, Ari},
  booktitle =	 {Proceedings of the 21st annual international ACM SIGIR
                  conference on Research and development in information
                  retrieval},
  pages =	 {55--63},
  year =	 1998,
  address =	 {Melbourne, Australia},
  publisher =	 {Association for Computing Machinery},
  HIDEaddress =	 {New York, NY, USA},
  HIDEurl =	 {http://www.sis.uta.fi/infim/julkaisut/fire/the_effects_of_query.pdf}
}

@inproceedings{Darwish:2003,
  title =	 {Probabilistic structured query methods},
  author =	 {Darwish, Kareem and Oard, Douglas W.},
  booktitle =	 {Proceedings of the 26th annual international ACM SIGIR
                  conference on Research and development in informaion
                  retrieval},
  pages =	 {338--344},
  year =	 2003,
  publisher =	 {Association for Computing Machinery},
  HIDEaddress =	 {New York, NY, USA},
  address =	 {Toronto, Canada},
  HIDEurl =	 {http://terpconnect.umd.edu/~oard/pdf/sigir03.pdf}
}

@article{Porter:1980,
  title =	 {An algorithm for suffix stripping},
  author =	 {Porter, Martin F},
  journal =	 {Program: electronic library and information systems},
  volume =	 14,
  number =	 3,
  pages =	 {130--137},
  year =	 1980,
  publisher =	 {MCB UP Ltd},
  HIDEurl =
                  {http://www.lirmm.fr/~mroche/Recherche/Articles/Porter/porter.pdf}
}

@incollection{Oard:2001,
  year =	 2001,
  HIDEisbn =	 {978-3-540-42446-8},
  booktitle =	 {Cross-Language Information Retrieval and Evaluation},
  volume =	 2069,
  series =	 {Lecture Notes in Computer Science},
  editor =	 {Peters, Carol},
  HIDEdoi =	 {10.1007/3-540-44645-1_17},
  title =	 {{CLEF} experiments at {M}aryland: {S}tatistical stemming and
                  backoff translation},
  HIDEurl =	 {http://dx.doi.org/10.1007/3-540-44645-1_17},
  publisher =	 {Springer Berlin Heidelberg},
  author =	 {Oard, Douglas W. and Levow, Gina-Anne and Cabezas, Clara I.},
  pages =	 {176--187},
  language =	 {English}
}

@article{Hollink:2004,
  year =	 2004,
  HIDEissn =	 {1386-4564},
  journal =	 {Information Retrieval},
  volume =	 7,
  number =	 {1-2},
  HIDEdoi =	 {10.1023/B:INRT.0000009439.19151.4c},
  title =	 {Monolingual Document Retrieval for {E}uropean Languages},
  HIDEurl =	 {http://dx.doi.org/10.1023/B\%3AINRT.0000009439.19151.4c},
  publisher =	 {Kluwer Academic Publishers},
  keywords =	 {cross-lingual information retrieval; monolingual document
                  retrieval; European languages; morphological normalization;
                  tokenization},
  author =	 {Hollink, Vera and Kamps, Jaap and Monz, Christof and de
                  Rijke, Maarten},
  pages =	 {33--52},
  language =	 {English}
}

@book{Baeza-Yates:1999,
  title =	 {Modern information retrieval},
  author =	 {Baeza-Yates, Ricardo and Ribeiro-Neto, Berthier},
  edition =	 {1st},
  volume =	 463,
  year =	 1999,
  publisher =	 {ACM Press New York},
  HIDEpublisher ={Addison-Wesley Longman Publishing Co., Inc.},
  address =	 {Boston, MA, USA},
  HIDEisbn =	 {0-201-39829-X},
  HIDEurl =
                  {http://cs.ucla.edu/~miodrag/cs259-security/baeza-yates99modern.pdf}
}

@book{Baeza-Yates:2008,
  author =	 {Baeza-Yates, Ricardo and Ribeiro-Neto, Berthier},
  title =	 {Modern Information Retrieval},
  year =	 2008,
  edition =	 {2nd},
  publisher =	 {Addison-Wesley Publishing Company},
  address =	 {Boston, MA, USA},
  HIDEisbn =	 {978-0321416919},
}

@inproceedings{Basile:12,
  Title={Developing A Large Semantically Annotated Corpus},
  Author={Basile, V. And Bos, J. And Evang, K. And Venhuizen, N.},
  Booktitle={LREC '12},
  pages={3196--3200},
  Year={2012}
}


@book{Peters:2012,
  title =	 {Multilingual information retrieval: {F}rom research to
                  practice},
  author =	 {Peters, Carol and Braschler, Martin and Clough, Paul},
  year =	 2012,
  publisher =	 {Springer Berlin Heidelberg},
  HIDEisbn =	 {978-3-642-23007-3}
}

@TechReport{Boyer:2012:D8.3,
  author =	 {Celia Boyer and William Belle and Natalia Pletneva and Nolan
                  Lawson and Matthias Samwald and Allan Hanbury},
  title =	 {Prototype of a first search system for intensive tests
                  ({D8.3})},
  institution =	 {Khresmoi EU project},
  year =	 2012,
  type =	 {Public deliverable}
}

@book{Nie:2010,
  author =	 {Jian-Yun Nie},
  title =	 {Cross-language information retrieval},
  publisher =	 {Morgan {\&} Claypool Publishers},
  series =	 {Synthesis Lectures on Human Language Technologies},
  year =	 2010,
  HIDEurl =	 {http://dx.doi.org/10.2200/S00266ED1V01Y201005HLT008},
}

@misc{Shuyo:2010,
  title =	 {Language Detection Library for {J}ava},
  author =	 {Shuyo, Nakatani},
  note =	 {{http://code.google.com/p/language-detection/ (accessed 1 January, 2014)}},
  year =	 2010
}

@misc{Porter:2001,
author = {Martin F. Porter},
title = {Snowball: A language for stemming algorithms},
year = {2001},
note = {{http://snowball.tartarus.org/ (accessed 1 January, 2014)}}
}

@InProceedings{Majlis:2012,
  author =	 {Majli\v{s}, Martin},
  title =	 {Yet Another Language Identifier},
  booktitle =	 {Proceedings of the Student Research Workshop at the 13th
                  Conference of the European Chapter of the Association for
                  Computational Linguistics},
  year =	 2012,
  address =	 {Avignon, France},
  publisher =	 {Association for Computational Linguistics},
  pages =	 {46--54},
  HIDEurl =	 {http://www.aclweb.org/anthology/E12-3006},
  HIDEvenue =	 {Universit{\'{e}} d'Avignon},
  HIDEisbn =	 {978-1-937284-19-0},
}


===================================================
Bibliography checked until here.
Please add new items above this line
only if you are 100% sure they are 100% correct!

Ruda
===================================================

@book{Jelinek:1997,
  author =	 {Jelinek, Frederick},
  title =	 {Statistical methods for speech recognition},
  year =	 1997,
  HIDEisbn =	 {0-262-10066-5},
  publisher =	 {MIT Press},
  address =	 {Cambridge, MA, USA},
}

@INPROCEEDINGS{Snover06astudy,
  author =	 {Matthew Snover and Bonnie Dorr and Richard Schwartz and
                  Linnea Micciulla and John Makhoul},
  title =	 {A study of translation edit rate with targeted human
                  annotation},
  booktitle =	 {In Proceedings of Association for Machine Translation in the
                  Americas},
  address =	 {Cambridge, MA, USA},
  publisher = {XX},
  year =	 2006,
  pages =	 {223--231}
}

@InProceedings{Khresmoi:2012,
  author =	 {Niraj Aswani and Thomas Beckers and Erich Birngruber and
                  C\'{e}lia Boyer and Andreas Burner and Jakub Bystro\v{n} and
                  Khalid Choukri and Sarah Cruchet and Hamish Cunningham and
                  Jan D\v{e}dek and Ljiljana Dolamic and Ren\'{e} Donner and
                  Sebastian Dungs and Ivan Eggel and Antonio Foncubierta and
                  Norbert Fuhr and Adam Funk and Alba Garcia Seco de Herrera
                  and Arnaud Gaudinat and Georgi Georgiev and Julien Gobeill
                  and Lorraine Goeuriot and Paz Gomez and Mark Greenwood and
                  Manfred Gschwandtner and Allan Hanbury and Jan Haji\v{c} and
                  Jaroslava Hlav\'{a}\v{c}ov\'{a} and Markus Holzer and Gareth
                  Jones and Blanca Jordan and Matthias Jordan and Klemens
                  Kaderk and Franz Kainberger and Liadh Kelly and Sascha
                  Mriewel and Marlene Kritz and Georg Langs and Nolan Lawson
                  and Dimitrios Markonis and Iv\'{a}n Martinez and Vassil
                  Momtchev and Alexandre Masselot and H\'{a}l\`{e}ne Mazo and
                  Henning M\"{u}ller and Pavel Pecina and Konstantin Pentchev
                  and Deyan Peychev and Natalia Pletneva and Diana Pottecherc
                  and Angus Roberts and Patrick Ruch and Matthias Samwald and
                  Priscille Schneller and Veronika Stefanov and Miguel Angel
                  Tinte and Zde\v{n}ka Ure\v{s}ov\v{a} and Alejandro Vargas
                  and and Dina Vishnyakova},
  title =	 {Khresmoi: Multimodal Multilingual Medical Information
                  Search},
  editor =	 {John Mantas and Stig Kj{\ae}r Andersen and Maria Christina
                  Mazzoleni and Bernd Blobel and Silvana Quaglini and Anne
                  Moen},
  booktitle =	 {Proceedings of the 24th International Conference of the
                  European Federation for Medical Informatics, Quality of Life
                  through Quality of Information, Village of the future},
  publisher =	 {IOS Press},
  HIDEisbn =	 {978-1-61499-101-4},
  address =	 {Pisa, Italy},
  year =	 2012
}

@inproceedings{Riezler:2008,
  author =	 {Riezler, Stefan and Liu, Yi and Vasserman, Alexander},
  title =	 {Translating queries into snippets for improved query
                  expansion},
  booktitle =	 {Proceedings of the 22nd International Conference on
                  Computational Linguistics - Volume 1},
  series =	 {COLING '08},
  year =	 2008,
  address =	 {Manchester, United Kingdom},
  pages =	 {737--744},
  numpages =	 8,
  acmid =	 1599174,
  publisher =	 {Association for Computational Linguistics},
  HIDEaddress =	 {Stroudsburg, PA, USA},
  HIDEisbn =	 {978-1-905593-44-6},
  HIDEurl =	 {http://www.aclweb.org/anthology/C/C08/C08-1093.pdf},
}

@article{Riezler:2010,
  author =	 {Stefan Riezler and Yi Liu},
  journal =	 {Computational Linguistics},
  volume =	 36,
  number =	 3,
  title =	 {Query Rewriting Using Monolingual Statistical Machine
                  Translation},
  year =	 2010,
  pages =	 {569--582},
  HIDEurl =	 {http://www.aclweb.org/anthology/J10-3010},
}

@inproceedings{Ruiz:1999,
  title =	 {{CINDOR} conceptual interlingua document retrieval: {TREC-8} evaluation},
  author =	 {Ruiz, Miguel and Diekema, Anne and Sheridan, P{\'a}raic and Plaza, Dey Centennial},
  booktitle =	 {The Eighth Text REtrieval Conference (TREC 8)},
  address =	 {Gaithersburg, MD, USA},
  HIDEseries =	 {Special Publication 500-246},
  publisher =	 {National Institute of Standards and Technology},
  year =	 1999,
  pages =	 {597--605},
  HIDEurl =	 {http://trec.nist.gov/pubs/trec8/papers/TextWise.pdf},
}

@article{Blei:2003,
  author =	 {Blei, David M. and Ng, Andrew Y. and Jordan, Michael I.},
  title =	 {Latent {D}irichlet allocation},
  journal =	 {Journal of Machine Learning Research},
  issue_date =	 {3/1/2003},
  volume =	 3,
  HIDEmonth =	 mar,
  year =	 2003,
  pages =	 {993--1022},
  numpages =	 30,
  acmid =	 944937,
  publisher =	 {JMLR.org},
  HIDEissn =	 {1532--4435},
  HIDEurl =	 {http://cs.berkeley.edu/~jordan/papers/blei03a.ps},
}

@InProceedings{Koehn:2005:reordering,
  author =	 {Philipp Koehn and Amittai Axelrod and Alexandra Birch and
                  Chris Callison-Burch and Miles Osborne and David Talbot},
  title =	 {Edinburgh system description for the 2005 {IWSLT} speech
                  translation evaluation},
  booktitle =	 {Proceedings of the International Workshop on Spoken Language
                  Translation 2005},
  pages =	 {78--85},
  year =	 2005,
  address =	 {Hong Kong}
}

% This is incomplete!

@InProceedings{wmt-findings:2013,
  LONGauthor    = {Bojar, Ond\v{r}ej  and  Buck, Christian  and  Callison-Burch, Chris  and  Federmann, Christian  and  Haddow, Barry  and  Koehn, Philipp  and  Monz, Christof  and  Post, Matt  and  Soricut, Radu  and  Specia, Lucia},
  author    = {Bojar, Ond\v{r}ej  and  Buck, Christian  and  Callison-Burch, Chris  and  Federmann, Christian  and  Haddow, Barry  and  Koehn, Philipp  and  others},
  title     = {Findings of the 2013 {Workshop on Statistical Machine Translation}},
  booktitle = {Proceedings of the Eighth Workshop on Statistical Machine Translation},
  HIDEmonth     = {August},
  year      = {2013},
  address   = {Sofia, Bulgaria},
  publisher = {Association for Computational Linguistics},
  pages     = {1--44},
  HIDEurl   = {http://www.aclweb.org/anthology/W13-2201}
}

@inproceedings{Jones:2008,
  address =	 {Hyderabad, India},
  author =	 {Jones, Gareth J.F. and Fantino, Fabio and Newman, Eamonn and
                  Zhang, Ying},
  booktitle =	 {{CLIA} 2008 - 2nd International Workshop on Cross Lingual
                  Information Access: {A}ddressing the Information Need of
                  Multilingual Societies},
  pages =	 {34--41},
  HIDEpublisher =	 {XX},
  title =	 {Domain-specific query translation for multilingual
                  information access using machine translation augmented with
                  dictionaries mined from {W}ikipedia},
  HIDEurl =	 {http://doras.dcu.ie/386/},
  year =	 2008
}

@inproceedings{bertoldi:2007,
  title =	 {Speech translation by confusion network decoding},
  author =	 {Bertoldi, Nicola and Zens, Richard and Federico, Marcello},
  HIDEbooktitle ={Acoustics, Speech and Signal Processing, 2007. ICASSP
                  2007. IEEE International Conference on},
  booktitle =	 {Acoustics, Speech and Signal Processing},
  volume =	 4,
  pages =	 {1297--1300},
  year =	 2007,
  organization = {IEEE},
  publisher =	 {XX},
  address =	 {XX},
  HIDEdoi =	 {10.1109/ICASSP.2007.367315},
  HIDEissn =	 {1520-6149},
}

@inproceedings{schroeder:2009,
  author =	 {Schroeder, Josh and Cohn, Trevor and Koehn, Philipp},
  title =	 {Word Lattices for Multi-Source Translation},
  booktitle =	 {Proceedings of the 12th Conference of the European Chapter
                  of the ACL (EACL 2009)},
  HIDEmonth =	 {March},
  year =	 2009,
  address =	 {Athens, Greece},
  publisher =	 {Association for Computational Linguistics},
  pages =	 {719--727},
  HIDEurl =	 {http://www.aclweb.org/anthology/E09-1082},
}

@article{Gaudan:2005,
  author =	 {Gaudan, Sylvain and Kirsch, Harald and Rebholz-Schuhmann,
                  Dietrich},
  HIDEdoi =	 {10.1093/bioinformatics/bti586},
  journal =	 {Bioinformatics},
  number =	 18,
  pages =	 {3658--3664},
  title =	 {Resolving abbreviations to their senses in {Medline}},
  volume =	 21,
  year =	 2005
}

@article{Smith:2004,
  author =	 {Smith, Aida Marissa},
  journal =	 {Journal of the Medical Library Association},
  pages =	 {91--100},
  title =	 {An examination of {PubMed's} ability to disambiguate subject
                  queries and journal title queries},
  HIDEurl =	 {http://www.ncbi.nlm.nih.gov/pmc/articles/PMC314110/},
  year =	 2004
}

@inproceedings{Federico:2002,
  author =	 {Federico, Marcello and Bertoldi, Nicola},
  title =	 {Statistical cross-language information retrieval using
                  n-best query translations},
  booktitle =	 {Proceedings of the 25th annual international ACM SIGIR
                  conference on Research and development in information
                  retrieval},
  year =	 2002,
  address =	 {Tampere, Finland},
  publisher =	 {Association for Computing Machinery},
  pages =	 {167--174},
  HIDEurl =	 {http://doi.acm.org/10.1145/564376.564407},
}

@inproceedings{Bojar:2011,
  author =	 {Bojar, Ond\v{r}ej and Ercegov\v{c}evi\'{c}, Milo\v{s} and
                  Popel, Martin and Zaidan, Omar F.},
  title =	 {A grain of salt for the {WMT} manual evaluation},
  booktitle =	 {Proceedings of the Sixth Workshop on Statistical Machine
                  Translation},
  year =	 {2011},
  address =	 {Edinburgh, Scotland},
  pages =	 {1--11},
}

@Article{robertson_sparck_jones76,
  author =	 {Stephen E. Robertson and Karen {Sp\"arck Jones}},
  title =	 {Relevance weighting of search terms},
  journal =	 {Journal of the American Society for Information Science},
  year =	 1976,
  volume =	 27,
  pages =	 {143--160}
}

@Article{robertson90,
  author =	 {Stephen E. Robertson},
  title =	 {On term selection for query expansion},
  journal =	 {Journal of Documentation},
  publisher =	 {Emerald Group Publishing Limited},
  year =	 1990,
  volume =	 46,
  pages =	 {359--364},
}

@ARTICLE{Byrne:2004,
  LONGauthor =	 {William Byrne and David S. Doermann and Martin Franz and Samuel Gustman and Jan Haji\v{c} and Douglas W. Oard and Michael Picheny and Josef Psutka and Bhuvana Ramabhadran and Dagobert Soergel and Todd Ward and Wei-Jing Zhu},
  author =	 {William Byrne and David S. Doermann and Martin Franz and Samuel Gustman and Jan Haji\v{c} and Douglas W. Oard and others},
  journal =	 {Speech and Audio Processing, IEEE Transactions on},
  title =	 {Automatic recognition of spontaneous speech for access to
                  multilingual oral history archives},
  year =	 2004,
  volume =	 12,
  number =	 4,
  pages =	 {420-435},
  HIDEdoi =	 {10.1109/TSA.2004.828702},
  HIDEISSN =	 {1063-6676}
}

@misc{umls,
  title =	 {{UMLS} Reference Manual},
  author =	 {{U.S. National Library of Medicine}},
  note =	 {Metathesaurus. Bethesda, MD, USA},
  year =	 2009,
  HIDEurl =	 {http://www.ncbi.nlm.nih.gov/books/NBK9684/}
}

@InProceedings{Hull:93,
  author =	 {Hull, David},
  title =	 {Using statistical testing in the evaluation of retrieval
                  experiments},
  booktitle =	 {Proceedings of the 16th annual international ACM SIGIR
                  conference on Research and development in information
                  retrieval},
  series =	 {SIGIR '93},
  year =	 1993,
  isbn =	 {0-89791-605-0},
  address =	 {Pittsburgh, PA, USA},
  pages =	 {329--338},
  numpages =	 10,
  HIDEurl =	 {http://doi.acm.org/10.1145/160688.160758},
  HIDEdoi =	 {10.1145/160688.160758},
  acmid =	 160758,
  publisher =	 {Association for Computing Machinery},
  HIDEaddress =	 {New York, NY, USA}
}

@Article{Lin:2009,
  author =	 {Jimmy Lin and Craig G. Murray and Bonnie Dorr and Jan
                  Haji\v{c} and Pavel Pecina},
  title =	 {A Cost-effective Lexical Acquisition Process for Large-scale
                  Thesaurus Translation},
  editor =	 {Andreas Witt and Guilles Seraset},
  journal =	 {Language Resources and Evaluation},
  publisher =	 {Springer Netherlands},
  issn =	 {1574-020X},
  volume =	 43,
  issue =	 1,
  pages =	 {27--40},
  year =	 2009
}

@book{Salton:1971,
  author =	 {Gerard Salton},
  title =	 {The {SMART} Retrieval System: {E}xperiments in Automatic
                  Document Processing},
  year =	 1971,
  publisher =	 {Prentice-Hall, Inc.},
  address =	 {Upper Saddle River, NJ, USA},
}

@article{Dickersin:2002,
  title =	 {Development of the {C}ochrane {C}ollaboration's {CENTRAL}
                  {R}egister of controlled clinical trials},
  author =	 {Kay Dickersin and Eric Manheimer and Susan Wieland and Karen
                  A.  Robinson and Carol Lefebvre and Steve McDonald},
  journal =	 {Evaluation \& the Health Professions},
  year =	 2002,
  volume =	 25,
  issue =	 1,
  pages =	 {38--64}
}

@article{Dejean:2005,
  author =	 {Herv\'{e} D\'{e}jean and Eric Gaussier and Jean-Michel
                  Renders and Fatia Sadat},
  title =	 {Automatic processing of multilingual medical terminology:
                  applications to thesaurus enrichment and cross-language
                  information retrieval},
  journal =	 {Artificial Intelligence in Medicine},
  volume =	 33,
  number =	 2,
  HIDEmonth =	 feb,
  year =	 2005,
  HIDEissn =	 {0933-3657},
  pages =	 {111--124},
  numpages =	 14,
  HIDEurl =	 {http://dx.doi.org/10.1016/j.artmed.2004.07.015},
  HIDEdoi =	 {10.1016/j.artmed.2004.07.015},
  HIDEacmid =	 1644822,
  publisher =	 {Elsevier Science Publishers Ltd.},
  address =	 {Essex, UK}
}

@article{Tran:2004,
  author =	 {Tuan D. Tran and Nicolas Garcelon and Anita Burgun and
                  Pierre Le Beux},
  title =	 {Experiments in cross-language medical information retrieval
                  using a mixing translation module},
  journal =	 {Studies in Health Technology and Informatic},
  publisher =	 {IOS Press},
  address =	 {Amsterdam, Netherlands},
  year =	 2004,
  volume =	 107,
  number =	 {Pt 2},
  pages =	 {946--949}
}

@InProceedings{nikoulina:2012,
  author =	 {Nikoulina, Vassilina and Kovachev, Bogomil and Lagos,
                  Nikolaos and Monz, Christof},
  title =	 {Adaptation of Statistical Machine Translation Model for
                  Cross-Lingual Information Retrieval in a Service Context},
  booktitle =	 {Proceedings of the 13th Conference of the European Chapter
                  of the Association for Computational Linguistics},
  HIDEmonth =	 {April},
  year =	 2012,
  address =	 {Avignon, France},
  publisher =	 {Association for Computational Linguistics},
  pages =	 {109--119},
  HIDEurl =	 {http://www.aclweb.org/anthology/E12-1012}
}

@InProceedings{bisazza:2012,
  author =	 {Bisazza, Arianna and Federico, Marcello},
  title =	 {Cutting the Long Tail: Hybrid Language Models for
                  Translation Style Adaptation},
  booktitle =	 {Proceedings of the 13th Conference of the European Chapter
                  of the Association for Computational Linguistics},
  HIDEmonth =	 {April},
  year =	 2012,
  address =	 {Avignon, France},
  publisher =	 {Association for Computational Linguistics},
  pages =	 {439--448},
  HIDEurl =	 {http://www.aclweb.org/anthology/E12-1045}
}

@inproceedings{Fishel:2012,
  HIDEmonth =	 {May},
  author =	 {Mark Fishel and Yota Georgakopoulou and Sergio Penkale and
                  Volha Petukhova and Matej Rojc and Martin Volk and Andy Way},
  booktitle =	 {Proceedins of the 16th Annual Conference of the European
                  Association for Machine Translation EAMT'2012},
  address =	 {Trento, Italy},
  title =	 {From subtitles to parallel corpora},
  publisher =	 {European Association for Machine Translation},
  pages =	 {3--6},
  year =	 2012,
  HIDEurl =	 {http://dx.doi.org/10.5167/uzh-63327}
}

@inproceedings{Banerjee:2012,
  author =	 {Pratyush Banerjee and Sudip Kumar Naskar and Johann Roturier
                  and Andy Way and Josef van Genabith},
  year =	 2012,
  title =	 {Domain Adaptation in {SMT} of User-Generated Forum Content
                  Guided by {OOV} Word Reduction: Normalization and/or
                  Supplementary Data?},
  booktitle =	 {Proceedings of the 16th Annual Meeting of the European
                  Association for Machine Translation},
  address =	 {Trento, Italy},
  publisher =	 {European Association for Machine Translation},
  pages =	 {169--176}
}

@inproceedings{Ceausu:2011,
  author =	 {Alexandru Ceausu and John Tinsley and Jian Zhang and Andy
                  Way},
  year =	 2011,
  title =	 {Experiments on domain adaptation for patent machine
                  translation in the {PLuTO} project},
  booktitle =	 {Proceedings of the 15th Annual Meeting of the European
                  Association for Machine Translation},
  addres =	 {Leuven, Belgium},
  publisher =	 {European Association for Machine Translation},
  pages =	 {21--28}
}

@InProceedings{callisonburch:2011,
  author =	 {Callison-Burch, Chris and Koehn, Philipp and Monz, Christof
                  and Zaidan, Omar},
  title =	 {Findings of the 2011 {W}orkshop on {S}tatistical {M}achine
                  {T}ranslation},
  booktitle =	 {Proceedings of the Sixth Workshop on Statistical Machine
                  Translation},
  HIDEmonth =	 {July},
  year =	 2011,
  address =	 {Edinburgh, Scotland},
  publisher =	 {Association for Computational Linguistics},
  pages =	 {22--64},
  HIDEurl =	 {http://www.aclweb.org/anthology/W11-2103}
}

@article{Yepes:2013,
year={2013},
journal={BMC Bioinformatics},
volume={14},
number={1},
HIDEdoi={10.1186/1471-2105-14-146},
title={Combining {MEDLINE} and publisher data to create parallel corpora for the automatic translation of biomedical text},
publisher={BioMed Central},
HIDEkeywords={Multilingual corpus generation; Statistical machine translation; Biomedical domain},
author={Jimeno Yepes, Antonio and Prieur-Gaston, {\'E}lise and N\'{e}v\'{e}ol, Aur\'{e}lie},
pages={1--10}
}

@Article{Wu:2011,
AUTHOR = {Wu, Cuijun and Xia, Fei and Deleger, Louise and Solti, Imre},
TITLE = {Statistical machine translation for biomedical text: are we there yet?},
JOURNAL = {AMIA Annual Symposium proceedings},
HIDEVOLUME = {2011},
YEAR = {2011},
NUMBER = {},
PAGES = {1290--1299},
HIDEURL = {http://www.biomedsearch.com/nih/Statistical-machine-translation-biomedical-text/22195190.html},
ISSN = {1942-597X},
}

@Article{Daumke:2007,
AUTHOR = {Daumke, Philipp and Mark\"{u}, Korn\'{e}l and Poprat, Michael and Schulz, Stefan and Klar, R\"{u}diger},
TITLE = {Biomedical information retrieval across languages},
JOURNAL = {Medical informatics and the Internet in medicine},
VOLUME = {32},
YEAR = {2007},
NUMBER = {2},
PAGES = {131--147},
HIDEURL = {http://www.biomedsearch.com/nih/Biomedical-information-retrieval-across-languages/17541863.html},
PubMedID = {17541863},
ISSN = {1463-9238},
}

@Article{SNOMED:2008,
AUTHOR = {Cornet, Ronald and de Keizer, Nicolette},
TITLE = {Forty years of {SNOMED}: a literature review.},
JOURNAL = {BMC medical informatics and decision making},
VOLUME = {8 Suppl 1},
YEAR = {2008},
NUMBER = {},
PAGES = {S2},
HIDEURL = {http://www.biomedsearch.com/nih/Forty-years-SNOMED-literature-review/19007439.html},
PubMedID = {19007439},
ISSN = {1472-6947},
}

@article{Cline:2001,
author = {Rebecca J. Welch Cline and Haynes, Katie M.}, 
title = {Consumer health information seeking on the Internet: the state of the art},
volume = {16}, 
number = {6}, 
pages = {671--692}, 
year = {2001}, 
HIDEdoi = {10.1093/her/16.6.671}, 
HIDEURL = {http://her.oxfordjournals.org/content/16/6/671.abstract}, 
journal = {Health Education Research}
}


@techreport{pew2009,
title = {The social life of health information},
institution = {Pew Internet and American Life Project},
address = {Washington, USA},
author = {Susannah Fox and Sydney Jones},
year = {2009}
}

@inproceedings{Grefenstette:2000,
  address = {Paris, France},
  author = {Gregory Grefenstette and Julien Nioche},
  booktitle = {Proceedings of Content-Based Multimedia Information Access (RIAO)},
  pages = {237--246},
  title = {Estimation of {E}nglish and non-{E}nglish language use on the {WWW}},
  publisher =	 {XX},
  HIDEurl = {http://www.jnioche.freesurf.fr/papers/L76grefen.pdf},
  year = {2000}
}


@inproceedings{Marko:2007,
  author    = {Korn{\'e}l G. Mark{\'o} and
               Philipp Daumke and
               Stefan Schulz and
               R{\"u}diger Klar and
               Udo Hahn},
  title     = {Large-Scale Evaluation of a Medical Cross-Language Information
               Retrieval System},
  year      = {2007},
  pages     = {392--396},
  editor    = {Klaus A. Kuhn and
               James R. Warren and
               Tze-Yun Leong},
  booktitle     = {Proceedings of the 12th World Congress on
               Health (Medical) Informatics -- Building Sustainable Health
               Systems},
  publisher = {IOS Press},
  series    = {Studies in Health Technology and Informatics},
  volume    = {129},
  address = {Brisbane, Australia},
  HIDEisbn      = {978-1-58603-774-1}
}


@inproceedings{eck:2004b,
  author    = {Eck, Matthias  and  Vogel, Stephan  and  Waibel, Alex},
  title     = {Improving Statistical Machine Translation in the Medical Domain using the {U}nified {M}edical {L}anguage {S}ystem},
  booktitle = {COLING 2004: Proceedings of the 20th International Conference on Computational Linguistics},
  year      = 2004,
  address   = {Geneva, Switzerland},
  publisher = {Association for Computational Linguistics},
  pages     = {792--798}
}


@inproceedings{Costa:2012,
author = {Marta R. Costa-juss\`{a} and Mireia Farr\'{u}s and Jordi Serrano Pons},
year = {2012},
title = {{M}achine Translation in Medicine. {A} quality analysis of statistical machine translation in the medical domain},
booktitle = {Proceedings of the 1st Virtual International Conference on Advanced Research in Scientific Areas},
address = {\v{Z}ilina, Slovakia},
publisher =	 {\v{Z}ilinsk\'{a} univerzita},
pages = {1995--1998}
}

@inproceedings{Castilla:2005,
author = {Andre Castilla and Alice Bacic and Sergio Furuie},
title = {Machine Translation on the Medical Domain: The Role of BLEU/NIST and METEOR in a Controlled Vocabulary Setting},
booktitle = {Proceedings of the Tenth Machine Translation Summit},
address  = {Phuket, Thailand},
publisher =	 {Asia-Pacific Association for Machine Translation},
year = {2005},
pages = {47--54}
}

@inproceedings{KotaroNakayama,
author = {Kotaro Nakayama and Minghua Pei and Maike Erdmann and Masahiro Ito and Masumi Shirakawa and Takahiro Hara and Shojiro Nishio},
year={2008},
address ={Alexandria, Egypt},
HIDEpublisher =	 {XX},
title = {Wikipedia Mining -- {Wikipedia} as a Corpus for Knowledge Extraction},
HIDEurl = {http://citeseerx.ist.psu.edu/viewdoc/summary?doi=10.1.1.178.3046},
booktitle = {Proceedings of Annual Wikipedia Conference (Wikimania)},
}

@inproceedings{Wu2003,
 author = {Wu, Hua and Zhou, Ming},
 title = {Optimizing synonym extraction using monolingual and bilingual resources},
 booktitle = {Proceedings of the second international workshop on Paraphrasing},
 HIDEseries = {PARAPHRASE '03},
 year = {2003},
 volume = {16},
 address = {Sapporo, Japan},
 pages = {72--79},
 HIDEnumpages = {8},
 HIDEurl = {http://dx.doi.org/10.3115/1118984.1118994},
 HIDEdoi = {10.3115/1118984.1118994},
 HIDEacmid = {1118994},
 publisher = {Association for Computational Linguistics},
 HIDEaddress = {Stroudsburg, PA, USA},
}

@article{Griffon2012,
LONGauthor = {Griffon, Nicolas and Chebil, Wiem and Rollin, Laetitia and Kerdelhue, Gaetan and Thirion, Benoit and Gehanno, Jean-Fran\c{c}ois and Darmoni, St\'{e}fan Jacques},
author = {Griffon, Nicolas and Chebil, Wiem and Rollin, Laetitia and Kerdelhue, Gaetan and Thirion, Benoit and Gehanno, Jean-Fran\c{c}ois and others},
HIDEdoi = {10.1186/1472-6947-12-12},
HIDEissn = {1472-6947},
journal = {BMC medical informatics and decision making},
HIDEmonth = jan,
number = {1},
pages = {12},
HIDEpmid = {22376010},
title = {Performance evaluation of {U}nified {M}edical {L}anguage {S}ystem's
    synonyms expansion to query {PubMed}},
HIDEurl = {http://www.biomedcentral.com/1472-6947/12/12},
volume = {12},
year = {2012}
}

@book{Hersh:2009,
  address = {New York},
  author = {Hersh, William},
  doi = {10.1007/978-0-387-78703-9},
  edition = 3,
  HIDEisbn = {978-0-387-78702-2},
  keywords = {v1205 springer book ai information retrieval language processing health},
  publisher = {Springer},
  title = {Information Retrieval: A Health and Biomedical Perspective},
  year = 2009
}

@inproceedings{Eichmann:1998,
 author = {Eichmann, David and Ruiz, Miguel E. and Srinivasan, Padmini},
 title = {Cross-language information retrieval with the {UMLS} metathesaurus},
 booktitle = {Proceedings of the 21st annual international ACM SIGIR conference on Research and development in information retrieval},
 HIDEseries = {SIGIR '98},
 year = {1998},
 HIDEisbn = {1-58113-015-5},
 address = {Melbourne, Australia},
 pages = {72--80},
 numpages = {9},
 HIDEurl = {http://doi.acm.org/10.1145/290941.290959},
 HIDEdoi = {10.1145/290941.290959},
 HIDEacmid = {290959},
 publisher = {Association for Computing Machinery},
 HIDEaddress = {New York, NY, USA},
}

@inproceedings{popovic:2006,
  author = {Popovi\'{c}, Maja and Stein, Daniel and Ney, Hermann},
  title = {Statistical machine translation of {G}erman compound words},
  booktitle = {Proceedings of the 5th international conference on Advances in Natural Language Processing},
  HIDEseries = {FinTAL'06},
  year = {2006},
  HIDEisbn = {3-540-37334-9, 978-3-540-37334-6},
  address = {Turku, Finland},
  pages = {616--624},
  numpages = {9},
  HIDEurl = {http://dx.doi.org/10.1007/11816508_61},
  HIDEdoi = {10.1007/11816508_61},
  acmid = {2091252},
  publisher = {Springer-Verlag},
  HIDEaddress = {Berlin, Heidelberg},
}

@inproceedings{Niessen:2000,
  author = {Sonja Niessen and Hermann Ney},
  title = {Improving {SMT} quality with morpho-syntactic analysis},
  booktitle = {Proceedings of the 18th International Conference on Computational Linguistics},
  year = {2000},
  volume = {2},
  address = {Saarbr\"{u}cken, Germany},
  publisher =	 {Association for Computational Linguistics},
  pages = {1081--1085}
}


@article{Rosemblat:2003,
    author = {Rosemblat, Graciela and Gemoets, Darren and Browne, Allen C. and Tse, Tony},
    issn = {1942-597X},
    journal = {AMIA Annual Symposium proceedings},
    pages = {564--568},
    publisher = {American Medical Informatics Association},
    title = {Machine translation-supported cross-language information retrieval for a consumer health resource},
    HIDEurl = {http://view.ncbi.nlm.nih.gov/pubmed/14728236},
    year = {2003}
}

@article{Marko:2005,
author = {Mark\'{o}, Kornel and Schulz, Stefan and Hahn, Udo},
journal = {Methods of information in medicine},
number = {4},
volume = {44},
pages = {9},
title = {{M}orpho{S}aurus--design and evaluation of an interlingua-based, cross-language document retrieval engine for the medical domain},
year = {2005}
}

@article{eman:2013,
  author = {Ond\v{r}ej Bojar and Ale\v{s} Tamchyna},
  title = {The Design of {E}man, an Experiment Manager},
  journal = {Prague Bulletin of Mathematical Linguistics},
  publisher = {Charles University in Prague},
  issn = {0032-6585},
  volume = {100},
  year = {2013},
  pages = {39--58}
}

@ARTICLE{Volk:2002,
  title={Semantic annotation for concept-based cross-language medical information retrieval},
  author={Volk, Martin and Ripplinger, B{\"a}rbel and Vintar, {\v{S}}pela and Buitelaar, Paul and Raileanu, Diana and Sacaleanu, Bogdan},
  journal={International Journal of Medical Informatics},
  volume={67},
  number={1},
  pages={97--112},
  year={2002},
  publisher={Elsevier}
}

@inproceedings{Han2009,
author = {Han, Xiwu and Li, Hanzhang and Zhao, Tiejun},
booktitle = {Proceedings of the 2nd Workshop on Building and Using Comparable Corpora: from Parallel to Non-parallel Corpora},
isbn = {978-1-932432-53-4},
HIDEmonth = aug,
pages = {27--33},
publisher = {Association for Computational Linguistics},
address   = {Singapore},
title = {Train the machine with what it can learn: corpus selection for {SMT}},
HIDEurl = {http://dl.acm.org/citation.cfm?id=1690339.1690348},
year = {2009}
}

@inproceedings{Ballesteros:1998,
 author = {Ballesteros, Lisa and Croft, W. Bruce},
 title = {Resolving ambiguity for cross-language retrieval},
 booktitle = {Proceedings of the 21st annual international ACM SIGIR conference on Research and development in information retrieval},
 HIDEseries = {SIGIR '98},
 year = {1998},
 HIDEisbn = {1-58113-015-5},
 address = {Melbourne, Australia},
 pages = {64--71},
 numpages = {8},
 HIDEurl = {http://doi.acm.org/10.1145/290941.290958},
 HIDEdoi = {10.1145/290941.290958},
 HIDEacmid = {290958},
 publisher = {Association for Computing Machinery},
 HIDEaddress = {New York, NY, USA},
} 

@inproceedings{Gao:2006,
 author = {Gao, Jianfeng and Nie, Jian-Yun},
 title = {A study of statistical models for query translation: finding a good unit of translation},
 booktitle = {Proceedings of the 29th annual international ACM SIGIR conference on Research and development in information retrieval},
 HIDEseries = {SIGIR '06},
 year = {2006},
 HIDEisbn = {1-59593-369-7},
 address = {Seattle, Washington, USA},
 pages = {194--201},
 numpages = {8},
 HIDEurl = {http://doi.acm.org/10.1145/1148170.1148207},
 HIDEdoi = {10.1145/1148170.1148207},
 HIDEacmid = {1148207},
 publisher = {Association for Computing Machinery},
 HIDEaddress = {New York, NY, USA},
 HIDEkeywords = {cross-language information retrieval, linguistic structures, query translation, statistical models},
} 

@inproceedings{Maeda:2000,
 author = {Maeda, Akira and Sadat, Fatiha and Yoshikawa, Masatoshi and Uemura, Shunsuke},
 title = {Query term disambiguation for {W}eb cross-language information retrieval using a search engine},
 booktitle = {Proceedings of the fifth international workshop on on Information retrieval with Asian languages},
 HIDEseries = {IRAL '00},
 year = {2000},
 HIDEisbn = {1-58113-300-6},
 address = {Hong Kong, China},
 pages = {25--32},
 numpages = {8},
 HIDEurl = {http://doi.acm.org/10.1145/355214.355218},
 HIDEdoi = {10.1145/355214.355218},
 HIDEacmid = {355218},
 publisher = {Association for Computing Machinery},
 HIDEaddress = {New York, NY, USA},
} 


@article{Mooers:1950,
author = {Calvin E. Mooers},
year = {1950},
title = {Coding, information retrieval, and the rapid selector},
journal = {American Documentation},
volume = {1},
numebr = {4},
pages = {225--229}
}

@article{Gauch:1999,
  author    = {Susan Gauch and
               Jianying Wang and
               Satya Mahesh Rachakonda},
  title     = {A Corpus Analysis Approach for Automatic Query Expansion
               and Its Extension to Multiple Databases},
  journal   = {ACM Transactions Information Systems},
  volume    = {17},
  number    = {3},
  year      = {1999},
  pages     = {250--269}
}

@article{Attar:1977,
 author = {Attar, Rony and Fraenkel, Aviezri S.},
 title = {Local Feedback in Full-Text Retrieval Systems},
 journal = {Journal of Association for Computing Machinery},
 volume = {24},
 number = {3},
 HIDEmonth = jul,
 year = {1977},
 HIDEissn = {0004-5411},
 pages = {397--417},
 HIDEurl = {http://doi.acm.org/10.1145/322017.322021},
 publisher = {Association for Computing Machinery},
 address = {New York, NY, USA},
} 

Cambridge, MA: The MIT Press (Digital libraries and electronic publishing series,
edited by William Y. Arms), 2005, x+462 pp; hardbound, ISBN 0-262-22073-3, $45


@book{voorhees:2005,
  editor = {Ellen M. Voorhees and Donna K. Harman},
  publisher = {MIT press Cambridge},
  title = {{TREC: E}xperiment and evaluation in information retrieval},
  address = {Cambridge, MA, USA},
  series = {Digital libraries and electronic publishing series},
  volume = 63,
  year = 2005
}

@inproceedings{Goeuriot-clef:2013,
LONGauthor = {Lorraine Goeuriot and Gareth J. F. Jones and Liadh Kelly and Johannes Leveling and Allan Hanbury and Henning M\"{u}ller and Sanna Salanter\"{a} and Hanna Suominen and Guido Zuccon},
author = {Lorraine Goeuriot and Gareth J. F. Jones and Liadh Kelly and Johannes Leveling and Allan Hanbury and Henning M\"{u}ller and others},
year = {2013},
editor = {Pamela Forner, Roberto Navigli, Dan Tufis},
HIDEpublisher =	 {XX},
address =	 {Valencia, Spain},
title = {{ShARe/CLEF eHealth} Evaluation Lab 2013, Task 3: {I}nformation Retrieval to Address Patients‚Äô Questions when Reading Clinical Reports},
booktitle ={CLEF 2013 Evaluation Labs and Workshop, Online Working Notes}
}

@Article{ Pecina2014,
	title = "Adaptation of machine translation for multilingual information retrieval in the medical domain ",
	journal = "Artificial Intelligence in Medicine ",
	HIDEvolume = "",
	HIDEnumber = "",
	HIDEpages = "--",
	year = "2014",
	note = "",
	issn = "0933-3657",
	hidedoi = "http://dx.doi.org/10.1016/j.artmed.2014.01.004",
	hideurl = "http://www.sciencedirect.com/science/article/pii/S0933365714000062",
	author = "P. Pecina and O. Du\v{s}ek and L. Goeuriot and J. Haji\v{c} and J. Hlav{\'a}\v{c}ov{\'a} and G. Jones and L. Kelly and J. Leveling and D. Mare\v{c}ek and M. Nov{\'a}k and M. Popel and R. Rosa and A. Tamchyna and Z. Ure\v{s}ov{\'a}",
}




@inproceedings{cuni-wmt14,
  author = {Ond\v{r}ej Du\v{s}ek and Jan Haji\v{c} and Jaroslava Hlav\'{a}\v{c}ov\'{a} and Michal Nov\'{a}k and Pavel Pecina and Rudolf Rosa and Ale\v{s} Tamchyna and Zde\v{n}ka Ure\v{s}ov\'{a} and Daniel Zeman},
  title =  {Machine Translation of Medical Texts in the Khresmoi Project},
  booktitle = {Proceedings of the ACL 2014 Ninth Workshop of Statistical Machine Translation},
  address = {Baltimore, USA},
  year = {2014}
}

@inproceedings{dcu-q-wmt14,
  author = {Tsuyoshi Okita and  Ali Hosseinzadeh Vahid and Andy Way and Qun Liu},
  title = {DCU Terminology Translation System for Medical Query Subtask at WMT14},
  booktitle = {Proceedings of the ACL 2014 Ninth Workshop of Statistical Machine Translation},
  address = {Baltimore, USA},
  year = {2014}
}

@inproceedings{dcu-s-wmt14,
  author = {Jian Zhang and Xiaofeng Wu and Iacer Calixto and Ali Hosseinzadeh Vahid and Xiaojun Zhang and Andy Way and Qun Liu},
  title =  {Experiments in Medical Translation Shared Task at WMT 2014},
  booktitle = {Proceedings of the ACL 2014 Ninth Workshop of Statistical Machine Translation},
  address = {Baltimore, USA},
  year = {2014}
}

@inproceedings{postech-wmt14,
   author = {Li, Jianri and Kim, Se-Jong and Na, Hwidong and Lee, Jong-Hyeok},
   title = {Postech's System Description for Medical Text Translation Task},
  booktitle = {Proceedings of the ACL 2014 Ninth Workshop of Statistical Machine Translation},
  address = {Baltimore, USA},
  year = {2014}
}

@inproceedings{uedin-wmt14,
  author = {Nadir Durrani and  Barry Haddow and Philipp Koehn and Kenneth Heafield},
  title =  {Edinburgh's Phrase-based Machine Translation Systems for WMT-14},
  booktitle = {Proceedings of the ACL 2014 Ninth Workshop of Statistical Machine Translation},
  address = {Baltimore, USA},
  year = {2014}
}

@inproceedings{um-da-wmt14,
  author = {Longyue Wang and Yi Lu and Derek F. Wong and Lidia S. Chao and Yiming Wang and Francisco Oliveira.},
  title =  {Combining Domain Adaptation Approaches for Medical Text Translation},
  booktitle = {Proceedings of the ACL 2014 Ninth Workshop of Statistical Machine Translation},
  address = {Baltimore, USA},
  year = {2014}
}

@inproceedings{um-wda-wmt14,
  author = {Yi Lu and Longyue Wang and Derek F. Wong and Lidia S. Chao and Yiming Wang and Francisco Oliveira},
  title =  {Domain Adaptation for Medical Text Translation Using Web Resources},
  booktitle = {Proceedings of the ACL 2014 Ninth Workshop of Statistical Machine Translation},
  address = {Baltimore, USA},
  year = {2014}
}

@inproceedings{limsi-wmt14,
author = {P\'echeux, Nicolas and Gong, Li and Do, Quoc Khanh and Marie, 
Benjamin and Ivanishcheva, Yulia and
Allauzen, Alexandre and Lavergne, Thomas and Niehues, Jan and Max, 
Aur\'elien and Yvon, Yvon},
booktitle = {Proceedings of the Ninth Workshop on Statistical Machine 
Translation},
title = {{LIMSI @ WMT'14 Medical Translation Task}},
year = {2014},
address={Baltimore, USA}
}


@inproceedings{Leusch:2006,
  author = {Leusch, Gregor and Ueffing, Nicola and Ney, Hermann},
  booktitle = {Proceedings of the 11th Conference of the European Chapter of the Association for Computational Linguistics},
  title = {CDER: Efficient MT Evaluation Using Block Movements},
  address = {Trento, Italy},
  pages = {241--248},
  year = {2006}
}


@inproceedings{Buckley:2004,
 author = {Buckley, Chris and Voorhees, Ellen M.},
 title = {Retrieval Evaluation with Incomplete Information},
 booktitle = {Proceedings of the 27th Annual International ACM SIGIR Conference on Research and Development in Information Retrieval},
 year = {2004},
 address = {Sheffield, United Kingdom},
 pages = {25--32}
} 

@inproceedings{uresova:2014,
author = {Zde\v{n}ka Ure\v{s}ov\'{a}, Ond\v{r}ej Du\v{s}ek, Jan Haji\v{c} and Pavel Pecina},
title = {Multilingual Test Sets for Machine Translation of Search Queries for Cross-Lingual Information Retrieval in the Medical Domain},
booktitle = {To appear in Proceedings of the Ninth International Conference on Language Resources and Evaluation},
address = {Reykjavik, Iceland},
year = {2014}
}
@inproceedings{huck:etal:2015,
  booktitle = {Proceedings of MT Summit},
  title = {Mixed-Domain vs. Multi-Domain Statistical Machine Translation},
  year = {2015},
  author = {Huck, Matthias and Birch, Alexandra and Haddow, Barry}
}
@inproceedings{tamchyna:etal:hytra:2015,
booktitle = {Proceedings of the Fourth Workshop on Hybrid Approaches to Translation (HyTra)},
title = "{What a Transfer-Based System Brings to the Combination with {PBMT}}",
editor = {Bogdan Babych and Kurt Eberle and Patrik Lambert and Reinhard Rapp and Rafael Banchs and Marta Costa-Juss{\`{a}}},
author = {Ale{\v{s}} Tamchyna and Ond{\v{r}}ej Bojar},
year = {2015},
publisher = {Association for Computational Linguistics},
organization = {Association for Computational Linguistics},
address = {Stroudsburg, {PA}, {USA}},
venue = {China National Convention Center},
pages = {11--20},
isbn = {978-1-941643-67-9},
}

@InProceedings{stanojevic-EtAl:2015:WMT,
  author    = {Stanojevi{\'{c}}, Milo{\v{s}}  and  Kamran, Amir  and  Koehn, Philipp  and  Bojar, Ond{\v{r}}ej},
  title     = "{Results of the WMT15 Metrics Shared Task}",
  booktitle = "{Proceedings of the Tenth Workshop on Statistical Machine Translation}",
  month     = {September},
  pages = {256-273},
  year      = {2015},
  address   = {Lisboa, Portugal},
  publisher = {Association for Computational Linguistics},
  url       = {http://aclweb.org/anthology/W15-3031}
}

@InProceedings{stanojevic-kamran-bojar:2015:WMT,
  author    = {Stanojevi{\'{c}}, Milo{\v{s}}  and  Kamran, Amir  and  Bojar, Ond{\v{r}}ej},
  title     = "{Results of the WMT15 Tuning Shared Task}",
  booktitle = "{Proceedings of the Tenth Workshop on Statistical Machine Translation}",
  month     = {September},
  pages = {274-281},
  year      = {2015},
  address   = {Lisboa, Portugal},
  publisher = {Association for Computational Linguistics},
  url       = {http://aclweb.org/anthology/W15-3032}
}

@InProceedings{bojar-tamchyna:2015:WMT,
  author    = {Bojar, Ond{\v{r}}ej  and  Tamchyna, Ale{\v{s}}},
  title     = "{CUNI in WMT15: Chimera Strikes Again}",
  booktitle = "{Proceedings of the Tenth Workshop on Statistical Machine Translation}",
  month     = {September},
  year      = {2015},
  pages = {79-83},
  address   = {Lisboa, Portugal},
  publisher = {Association for Computational Linguistics},
  url       = {http://aclweb.org/anthology/W15-3006}
}


@article{hoang:bojar:tmtriangulate:pbml:2015,
journal = {The Prague Bulletin of Mathematical Linguistics},
title = "{TmTriangulate: A Tool for Phrase Table Triangulation}",
author = {Tam Hoang and Ond{\v{r}}ej Bojar},
year = {2015},
volume = {104},
pages = {75--86},
issn = {0032-6585},
}



@InProceedings{braune15:emnlp,
  author    = {Fabienne Braune and Nina Seemann and Alexander Fraser},
  title     = {Rule Selection with Soft Syntactic Features for String-to-Tree Statistical Machine Translation},
  booktitle = {Proceedings of the 2015 Conference on Empirical Methods in Natural Language Processing (EMNLP)},
  month     = {September},
  year      = {2015},
  address   = {Lisbon, Portugal},
  pages     = {1095--1101},
  url       = {https://aclweb.org/anthology/D/D15/D15-1129}
}

@InProceedings{mueller15:emnlp,
  title     = {Joint Lemmatization and Morphological Tagging with Lemming},
  author    = {Thomas M√ºller and Ryan Cotterell and Alexander Fraser and Hinrich Sch√ºtze},
  booktitle = {Proceedings of the 2015 Conference on Empirical Methods in Natural Language Processing (EMNLP)},
  month     = {September},
  year      = {2015},
}

@InProceedings{cotterell15:conll,
  author    = {Ryan Cotterell and Thomas M√ºller and Alexander Fraser and Hinrich Sch√ºtze},
  title     = {Labeled Morphological Segmentation with Semi-Markov Models},
  booktitle = {Proceedings of the Nineteenth Conference on Computational Natural Language Learning (CoNLL)},
  month     = {July},
  year      = {2015},
  address   = {Beijing, China},
  publisher = {Association for Computational Linguistics},
  pages     = {164--174},
  url       = {http://www.aclweb.org/anthology/K15-1017}
}

@inproceedings{Cap_etal:15,
  author = {Fabienne Cap and  Marion Weller and  Anita Ramm and Alexander Fraser},
  title = {CimS - The CIS and IMS Joint Submission to WMT 2015 addressing morphological and syntactic differences in English to German SMT},
  booktitle = {Proceedings of the Tenth Workshop on Statistical Machine Translation (WMT)},
  year = {2015},
  location = {Lisboa, Portugal},
  pages = {84--91},
  url = {http://www.aclweb.org/anthology/W/W15/W15-30.pdf#page=104}
}

@inproceedings{weller-et-al:eamt15,
 author = {Marion Weller and Alexander Fraser and Sabine Schulte im Walde},
 title = {Target-side Generation of Prepositions for SMT},
 booktitle = {Proceedings of EAMT 2015},
 year = {2015},
 location = {Antalya, Turkey},
 url = {http://www.cis.uni-muenchen.de/~fraser/pubs/weller_eamt2015.pdf},
}

@inproceedings{weller-et-al:ssst15,
 author = {Marion Weller and Alexander Fraser and Sabine Schulte im Walde},
 title = {Predicting Prepositions for SMT (extended abstract)},
 booktitle = {Proceedings of the 9th Workshop on Syntax, Semantics and Structure in Statistical Translation at NAACL},
 year = {2015},
 location = {Denver, Colorado},
 url = {https://www.aclweb.org/anthology/W/W15/W15-1008.pdf}
}

@inproceedings{cap-et-al:wmt15,
 author = {Fabienne Cap and Manju Nirmal and Marion Weller and Sabine Schulte im Walde},
 title = {{H}ow to {A}ccount for {I}diomatic {G}erman {S}upport {V}erb {C}onstructions in {S}tatistical {M}achine {T}ranslation},
 booktitle = {Proceedings of the 11th Workshop on Multiword Expressions at NAACL},
 year = {2015},
 location = {Denver, Colorado},
 url = {https://www.aclweb.org/anthology/W/W15/W15-0903.pdf}
}

@inproceedings{fancellu2015exprom,
    Author = {Federico Fancellu and Bonnie Webber},
    booktitle = {Extra-Propositional Aspects of Meaning (ExProM) in Computational Linguistics Workshop},
    Pages = {1-11},
    Title = {Translating negation: A manual error analysis},
    Year = {2015},
    url = {https://www.aclweb.org/anthology/W/W15/W15-1301.pdf}
}

@inproceedings{haddow2015wmtsystem,
  title = {{The Edinburgh/JHU Phrase-based Machine Translation Systems for WMT~2015}},
  author = {Barry Haddow and Matthias Huck and Alexandra Birch and Nikolay Bogoychev and Philipp Koehn},
  booktitle = {Proceedings of WMT},
  year = {2015},
  url = {https://aclweb.org/anthology/W/W15/W15-3013.pdf}
}

@inproceedings{sennrich2015emnlp,
  title = {{ A Joint Dependency Model of Morphological and Syntactic Structure for Statistical Machine Translation}},
  author = {Rico Sennrich and Barry Haddow},
  booktitle = {Proceedings of EMNLP},
  year = {2015},
  url = {https://aclweb.org/anthology/D/D15/D15-1248.pdf}
}

@inproceedings{williams2015wmtsystem,
  title = {{Edinburgh's Syntax-Based Systems at WMT 2015}},
  author = {Philip Williams and Rico Sennrich and Maria Nadejde and Matthias Huck and Philipp Koehn},
  booktitle = {Proceedings of WMT},
  year = {2015},
  url = {https://aclweb.org/anthology/W/W15/W15-3024.pdf}
}
@InProceedings{bazrafshan-gildea:2013:Short,
  Title                    = {Semantic Roles for String to Tree Machine Translation},
  Author                   = {Bazrafshan, Marzieh and Gildea, Daniel},
  Booktitle                = {Proceedings of the 51st Annual Meeting of the Association for Computational Linguistics (Volume 2: Short Papers)},
  Year                     = {2013},

  Address                  = {Sofia, Bulgaria},
  Month                    = {August},
  Pages                    = {419--423},
  Publisher                = {Association for Computational Linguistics},

  File                     = {:bazrafshan-gildea_2013_Short.pdf:PDF},
  Keywords                 = {acl2013; srl; smt},
  Url                      = {http://www.aclweb.org/anthology/P13-2074.pdf}
}

@inproceedings{durrani2014system,
  author = {Durrani, Nadir  and  Haddow, Barry  and  Heafield, Kenneth  and  Koehn, Philipp},
  title = {{Edinburgh's Phrase-based Machine Translation Systems for WMT-14}},
  booktitle = {Proceedings of the Ninth Workshop on Statistical Machine Translation},
  month     = {June},
  year      = {2014},
  address   = {Baltimore, USA},
  url = {http://www.aclweb.org/anthology/W/W14/W14-3309.pdf},
  publisher = {Association for Computational Linguistics}
}


@InProceedings{durrani-EtAl:2013:WMT1,
  author    = {Durrani, Nadir  and  Haddow, Barry  and  Heafield, Kenneth  and  Koehn, Philipp},
  title     = {Edinburgh's Machine Translation Systems for {European} Language Pairs},
  booktitle = {Proceedings of the Eighth Workshop on Statistical Machine Translation},
  month     = {August},
  year      = {2013},
  address   = {Sofia, Bulgaria},
  publisher = {Association for Computational Linguistics},
  pages     = {114--121},
  url       = {http://www.aclweb.org/anthology/W13-2212.pdf}
}


@inproceedings{koehn2012shared,
  author = {Koehn, Philipp and Haddow, Barry},
  title = {Towards Effective Use of Training Data in Statistical Machine Translation},
  booktitle = {Proceedings of the Seventh Workshop on Statistical Machine Translation},
  month = {June},
  year = {2012},
  address = {Montreal, Canada},
  publisher = {Association for Computational Linguistics},
}

@InProceedings{axelrod-he-gao:2011:EMNLP,
  Title                    = {{Domain Adaptation via Pseudo In-Domain Data Selection}},
  Author                   = {Axelrod, Amittai and He, Xiaodong and Gao, Jianfeng},
  Booktitle                = {Proceedings of the 2011 Conference on Empirical Methods in Natural Language Processing},
  Year                     = {2011},

  Address                  = {Edinburgh, Scotland, UK.},
  Month                    = jul,
  Pages                    = {355--362},
  Publisher                = {Association for Computational Linguistics},

}


@InProceedings{moore-lewis:2010:Short,
  Title                    = {{Intelligent Selection of Language Model Training Data}},
  Author                   = {Moore, Robert C. and Lewis, William},
  Booktitle                = {Proceedings of the ACL 2010 Conference Short Papers},
  Year                     = {2010},

  Address                  = {Uppsala, Sweden},
  Month                    = jul,
  Pages                    = {220--224},
  Publisher                = {Association for Computational Linguistics},

  File                     = {:Moore, Lewis - 2010 - Intelligent Selection of Language Model Training Data.pdf:PDF},
  Type                     = {Conference proceedings (article)},
}



@InProceedings{chen-kuhn-foster:2013:ACL2013,
  Title                    = {Vector Space Model for Adaptation in Statistical Machine Translation},
  Author                   = {Chen, Boxing and Kuhn, Roland and Foster, George},
  Booktitle                = {Proceedings of the 51st Annual Meeting of the Association for Computational Linguistics (Volume 1: Long Papers)},
  Year                     = {2013},

  Address                  = {Sofia, Bulgaria},
  Month                    = {August},
  Pages                    = {1285--1293},
  Publisher                = {Association for Computational Linguistics},

  File                     = {:chen-kuhn-foster_2013_ACL2013.pdf:PDF},
  Keywords                 = {acl2013; smt; domain-adapt},
  Review                   = {Weighting of phrase-pairs according to the similarity of the test set context, with their overall extraction context.},
  Url                      = {http://www.aclweb.org/anthology/P13-1126.pdf}
}


@Article{irvine2013tacl,
  Title                    = {Measuring Machine Translation Errors in New Domains},
  Author                   = {Ann Irvine and John Morgan and Marine Carpuat and Hal Daume III and Dragos Munteanu},
  Journal                  = {Transactions of the ACL},
  Year                     = {2013},
  Pages                    = {1035},
  Volume                   = {Q13},

  File                     = {:irvine2013tacl.pdf:PDF},
  Keywords                 = {tacl2013; domain-adapt; smt},
}

@inproceedings{huck:etal:2015,
  booktitle = {Proceedings of MT Summit},
  title = {Mixed-Domain vs. Multi-Domain Statistical Machine Translation},
  year = {2015},
  author = {Huck, Matthias and Birch, Alexandra and Haddow, Barry}
}

@InProceedings{vaswani-EtAl:2013:EMNLP,
  Title                    = {Decoding with Large-Scale Neural Language Models Improves Translation},
  Author                   = {Vaswani, Ashish and Zhao, Yinggong and Fossum, Victoria and Chiang, David},
  Booktitle                = {Proceedings of the 2013 Conference on Empirical Methods in Natural Language Processing},
  Year                     = {2013},

  Address                  = {Seattle, Washington, USA},
  Month                    = {October},
  Pages                    = {1387--1392},
  Publisher                = {Association for Computational Linguistics},

}


@InProceedings{devlin-EtAl:2014:P14-1,
  Title                    = {Fast and Robust Neural Network Joint Models for Statistical Machine Translation},
  Author                   = {Devlin, Jacob and Zbib, Rabih and Huang, Zhongqiang and Lamar, Thomas and Schwartz, Richard and Makhoul, John},
  Booktitle                = {Proceedings of the 52nd Annual Meeting of the Association for Computational Linguistics (Volume 1: Long Papers)},
  Year                     = {2014},

  Address                  = {Baltimore, Maryland},
  Month                    = {June},
  Pages                    = {1370--1380},
  Publisher                = {Association for Computational Linguistics},

}


@InProceedings{li-resnik-daumeiii:2013:NAACL-HLT,
  author    = {Li, Junhui  and  Resnik, Philip  and  Daum\'{e} III, Hal},
  title     = {Modeling Syntactic and Semantic Structures in Hierarchical Phrase-based Translation},
  booktitle = {Proceedings of the 2013 Conference of the North American Chapter of the Association for Computational Linguistics: Human Language Technologies},
  month     = {June},
  year      = {2013},
  address   = {Atlanta, Georgia},
  publisher = {Association for Computational Linguistics},
  pages     = {540--549},
  url       = {http://www.aclweb.org/anthology/N13-1060}
}

@inproceedings{Lapponi:etal:2012:USN,
 author = {Lapponi, Emanuele and Velldal, Erik and \O{}vrelid, Lilja and Read, Jonathon},
 title = {UiO2: Sequence-labeling Negation Using Dependency Features},
 booktitle = {Proceedings of the First Joint Conference on Lexical and Computational Semantics - Volume 1: Proceedings of the Main Conference and the Shared Task, and Volume 2: Proceedings of the Sixth International Workshop on Semantic Evaluation},
 series = {SemEval '12},
 year = {2012},
 location = {Montr\Èal, Canada},
 pages = {319--327},
 numpages = {9},
 url = {http://dl.acm.org/citation.cfm?id=2387636.2387687},
 acmid = {2387687},
 publisher = {Association for Computational Linguistics},
 address = {Stroudsburg, PA, USA},
}

@InProceedings{abend2013universal,
  author    = {Abend, Omri  and  Rappoport, Ari},
  title     = {Universal Conceptual Cognitive Annotation (UCCA)},
  booktitle = {Proceedings of the 51st Annual Meeting of the Association for Computational Linguistics (Volume 1: Long Papers)},
  month     = {August},
  year      = {2013},
  address   = {Sofia, Bulgaria},
  publisher = {Association for Computational Linguistics},
  pages     = {228--238},
  url       = {http://www.aclweb.org/anthology/P13-1023}
}

@inproceedings{oepen2006discriminant,
  title={Discriminant-based MRS banking},
  author={Oepen, Stephan and L{\o}nning, Jan Tore},
  booktitle={Proceedings of LREC},
pages={1250--1255},
  year={2006}
}

@inproceedings{lo2011structured,
  title={Structured vs. flat semantic role representations for machine translation evaluation},
  author={Lo, Chi-kiu and Wu, Dekai},
  booktitle={Proceedings of the Fifth Workshop on Syntax, Semantics and Structure in Statistical Translation},
  pages={10--20},
  year={2011},
  organization={Association for Computational Linguistics}
}

@inproceedings{ageeva2015evaluating,
  title={Evaluating machine translation for assimilation via a gap-filling task},
  author={Ageeva, Ekaterina and Tyers, Francis M and Forcada, Mikel L and P{\'e}rez-Ortiz, Juan Antonio},
  booktitle={{Proceedings of EAMT 2015, The Eigtheenth Annual Conference of the European Association for Machine Translation}},
  pages={137--144},
  year={2015},
}
@inproceedings{banarescu2013amr,
  title={{Abstract Meaning Representation for Sembanking}},
  author={Banarescu, L. and Bonial,C. and Cai,S. and Georgescu,M. and Griffitt,K. and Hermjakob,U. and Knight,K. and Koehn,P. and Palmer,M. and Schneider, N.},
  booktitle={{Proceedings of Linguistic Annotation Workshop}},
  year={2013},
}
@article{palmer2010semantic,
  title={Semantic role labeling},
  author={Palmer, Martha and Gildea, Daniel and Xue, Nianwen},
  journal={Synthesis Lectures on Human Language Technologies},
  volume={3},
  number={1},
  pages={1--103},
  year={2010},
  publisher={Morgan \& Claypool Publishers}
}
@inproceedings{birch-EtAl:2013:WMT,
    address = {Sofia, Bulgaria},
    author = {Birch, Alexandra and Haddow, Barry and Germann, Ulrich and Nadejde, Maria and Buck, Christian and Koehn, Philipp},
    booktitle = {Proceedings of the Eighth Workshop on Statistical Machine Translation},
    citeulike-article-id = {13051745},
    citeulike-linkout-0 = {http://www.aclweb.org/anthology/W13-2203},
    month = aug,
    pages = {52--61},
    posted-at = {2014-02-17 13:33:13},
    priority = {2},
    publisher = {Association for Computational Linguistics},
    title = {The Feasibility of {HMEANT} as a Human {MT} Evaluation Metric},
    url = {http://www.aclweb.org/anthology/W13-2203},
    year = {2013}
}

@inproceedings{bojar:wu:ssst:2012,
  author = {Bojar, Ond{\v{r}}ej and Wu, Dekai},
  title = {{Towards a Predicate-Argument Evaluation for MT}},
  booktitle = {Proceedings of the Sixth Workshop on Syntax, Semantics and Structure in Statistical Translation},
  month = {July},
  year = {2012},
  address = {Jeju, Republic of Korea},
  publisher = {Association for Computational Linguistics},
  pages = {30--38},
  url = {http://www.aclweb.org/anthology/W12-4204},
}


@inproceedings{amr:interlingua:lrec:2014,
booktitle = {Proceedings of the 9th International Conference on Language Resources and Evaluation ({LREC} 2014)},
title = {Not an Interlingua, But Close: Comparison of English {AMR}s to Chinese and Czech},
editor = {Nicoletta Calzolari and Khalid Choukri and Thierry Declerck and Hrafn Loftsson and Bente Maegaard and Joseph Mariani},
author = {Nianwen Xue and Ond{\v{r}}ej Bojar and Jan Haji{\v{c}} and Martha Palmer and Zde{\v{n}}ka Ure{\v{s}}ov{\'{a}} and Xiuhong Zhang},
year = {2014},
publisher = {European Language Resources Association},
address = {Reykjav{\'{i}}k, Iceland},
venue = {Harpa Conference Centre},
pages = {1765--1772},
isbn = {978-2-9517408-8-4},
}


@InProceedings{chuchunkov-tarelkin-galinskaya:2014:SSST-8,
  author    = {Chuchunkov, Alexander  and  Tarelkin, Alexander  and  Galinskaya, Irina},
  title     = "{Applying HMEANT to English-Russian Translations}",
  booktitle = "{Proceedings of SSST-8, Eighth Workshop on Syntax, Semantics and Structure in Statistical Translation}",
  month     = {October},
  year      = {2014},
  address   = {Doha, Qatar},
  publisher = {Association for Computational Linguistics},
  pages     = {43--50},
  url       = {http://www.aclweb.org/anthology/W14-4005}
}

@inproceedings{fung2006automatic,
  title={Automatic learning of chinese english semantic structure mapping},
  author={Fung, Pascale and Zhaojun, Wu and Yongsheng, Yang and Wu, Dekai},
  booktitle={Spoken Language Technology Workshop, 2006. IEEE},
  pages={230--233},
  year={2006},
  organization={IEEE}
}

@inproceedings{fung2007learning,
  title={Learning bilingual semantic frames: Shallow semantic parsing vs. semantic role projection},
  author={Fung, Pascale and Wu, Zhaojun and Yang, Yongsheng and Wu, Dekai},
  booktitle={11th Conference on Theoretical and Methodological Issues in Machine Translation (TMI 2007)},
  pages={75--84},
  year={2007},
  organization={Citeseer}
}

@InProceedings{bojar-EtAl:2014:W14-33,
  author    = {Bojar, Ondrej  and  Buck, Christian  and  Federmann, Christian  and  Haddow, Barry  and  Koehn, Philipp  and  Leveling, Johannes  and  Monz, Christof  and  Pecina, Pavel  and  Post, Matt  and  Saint-Amand, Herve  and  Soricut, Radu  and  Specia, Lucia  and  Tamchyna, Ale\v{s}},
  title     = {Findings of the 2014 Workshop on Statistical Machine Translation},
  booktitle = {Proceedings of the Ninth Workshop on Statistical Machine Translation},
  month     = {June},
  year      = {2014},
  address   = {Baltimore, Maryland, USA},
  publisher = {Association for Computational Linguistics},
  pages     = {12--58},
  url       = {http://www.aclweb.org/anthology/W14-3302}
}

@InProceedings{lo:wu:reliability:2014,
   author = {Chi-Kiu Lo and Dekai Wu},
   title = "{On the Reliability and Inter-Annotator Agreement
 of Human Semantic MT Evaluation via HMEANT}",
   booktitle = "{Proceedings of the Ninth International
 Conference on Language Resources and Evaluation (LREC'14)}",
   year = {2014},
   month = {may},
   date = {26-31},
   address = {Reykjavik, Iceland},
   editor = {Nicoletta Calzolari (Conference Chair) and
 Khalid Choukri and Thierry Declerck and Hrafn Loftsson and
 Bente Maegaard and Joseph Mariani and Asuncion Moreno and
 Jan Odijk and Stelios Piperidis},
   publisher = {European Language Resources Association
 (ELRA)},
   isbn = {978-2-9517408-8-4},
   language = {english}
  }

@article{machacek:bojar:segranks:2015,
journal = {The Prague Bulletin of Mathematical Linguistics},
title = "{Evaluating Machine Translation Quality Using Short Segments Annotations}",
author = {Matou{\v{s}} Mach{\'{a}}{\v{c}}ek and Ond{\v{r}}ej Bojar},
year = {2015},
month = apr,
volume = {103},
pages = {85--110},
issn = {0032-6585},
}

@inproceedings{graham2015accurate,
  title={Accurate evaluation of segment-level machine translation metrics},
  author={Graham, Yvette and Mathur, Nitika and Baldwin, Timothy},
  booktitle={Proc. of NAACL-HLT},
  pages={1183--1191},
  year={2015}
}

@article{graham2015crowd,
  title={Can machine translation systems be evaluated by the crowd alone?},
  author={Graham, Yvette and Baldwin, Timothy and Moffat, Alistair and Zobel, Justin},
  journal={Natural Language Engineering},
  pages={1--28},
  publisher={Cambridge Univ Press},
  year={2015}
}
@inproceedings{lommel:etal:mqm-iaa:2014,
Title = "{Assessing Inter-Annotator Agreement for Translation Error Annotation}",
Author = {Arle Richard Lommel and Maja Popovic and Aljoscha Burchardt},
BookTitle = { MTE: Workshop on Automatic and Manual Metrics for Operational Translation Evaluation},
Year = {2014},
Publisher = {LREC}
}
